3228 5134
295 481 358 545 xlvi
752 499 929 543 ruarmo.

294 675 447 744 taritatis
462 674 689 767 propaginem
706 673 896 755 transtulit,
915 681 955 743 ut
973 673 1172 764 quicunque
1188 695 1307 743 curam
1326 673 1393 743 sol-

294 791 583 883 licitudinemque
608 791 792 872 addiderit,
818 791 928 860 totius
956 790 1040 860 artis
1066 790 1266 882 ingeniique
1291 813 1394 882 capa-

295 908 439 978 citatem
458 908 556 1000 quasi
574 907 793 978 haereditario
803 908 885 1000 jure
902 907 1046 1000 adipisci
1063 907 1182 999 possit.

346 1208 558 1302 Hujusmodi
577 1208 812 1278 intentionem
838 1207 991 1276 humana
1015 1205 1206 1298 suscipiens
1228 1205 1392 1282 sollertia

294 1335 331 1397 et
349 1328 384 1394 in
403 1324 548 1394 diversis
560 1325 697 1393 actibus
712 1323 782 1395 suis
796 1323 958 1393 insistens
971 1323 1075 1392 lucris
1094 1330 1130 1392 et
1144 1322 1392 1414 voluptatibus,

294 1465 357 1534 per
389 1450 590 1532 temporum
624 1440 851 1522 incrementa,
890 1439 1034 1510 taudem
1069 1439 1113 1509 ad
1146 1440 1394 1532 praedestinata

293 1558 499 1629 Christianae
515 1555 692 1648 religionis
718 1555 884 1648 perduxit
909 1563 1078 1647 tempora,
1104 1553 1308 1647 factumque
1328 1565 1391 1636 est,

292 1683 334 1744 ut
352 1675 445 1766 quod
462 1674 507 1743 ad
525 1672 665 1744 laudem
684 1681 721 1742 et
746 1672 893 1766 gloriam
913 1672 1064 1742 nominis
1081 1673 1134 1742 sui
1151 1672 1308 1742 condidit
1325 1673 1394 1743 dis·

294 1792 422 1884 positio
441 1791 566 1873 divina,
585 1791 621 1860 in
640 1789 715 1881 ejus
732 1787 938 1879 obsequium
956 1796 1178 1858 converteret
1194 1787 1295 1880 plebs
1313 1786 1393 1859 Deo

294 1910 432 1978 devota.
486 1905 707 1998 Quapropter
735 1905 830 1998 quod
856 1904 901 1973 ad
930 1913 1084 1975 nostram
1114 1927 1225 1997 usque
1251 1913 1389 1976 aetatem

292 2021 413 2094 sollers
438 2021 730 2114 praedecessorum
759 2020 940 2091 transtulit
965 2021 1124 2114 provisio,
1154 2022 1213 2114 pia
1234 2021 1390 2090 fidelium

292 2159 361 2207 non
378 2135 535 2230 negligat
554 2136 715 2219 devoti03
739 2137 902 2228 quodque
919 2137 1176 2207 haereditarium
1195 2136 1294 2208 Deus
1310 2157 1393 2206 con·
1433 2215 1438 2222 ⁴

292 2251 376 2322 tulit
401 2251 544 2334 homini,
564 2251 632 2322 hoo
657 2252 762 2324 homo
786 2255 880 2323 omni
905 2253 1076 2324 aviditate
1098 2253 1333 2346 amplectatur
1353 2261 1392 2323 et

292 2366 427 2438 laboret
444 2369 598 2462 adipisci.

344 2735 422 2817 Quo
440 2737 578 2830 adepto,
591 2759 695 2808 nemo
712 2740 804 2830 apud
823 2761 869 2821 se,
884 2742 981 2832 quasi
995 2763 1040 2810 ex
1057 2762 1095 2810 se
1108 2747 1145 2808 et
1162 2760 1233 2808 non
1250 2738 1391 2811 aliunde

294 2860 450 2944 accepto,
476 2852 667 2946 glorietur;
693 2856 754 2925 sed
780 2856 816 2924 in
836 2854 1039 2936 Domino,a
1061 2878 1131 2946 quo
1151 2863 1188 2924 et
1205 2875 1391 2948 perquem

292 2969 418 3049 omnia,
437 2977 474 3037 et
500 2969 664 3060 sineque
689 2970 785 3052 nihil,
806 2971 988 3041 humiliter
1002 2971 1208 3064 gratuletur,
1225 2995 1292 3043 neo
1309 2995 1392 3044 oon-

292 3105 388 3153 cessa
413 3083 555 3156 invidiae
582 3085 720 3155 sacculo
750 3088 926 3168 recondat,
956 3095 1018 3156 aut
1049 3088 1181 3158 tenacis
1206 3089 1390 3160 armariolo

292 3197 404 3269 cordis
422 3201 587 3284 occultet,
605 3203 665 3272 sed
684 3204 777 3272 omni
799 3203 971 3294 jactantia
987 3203 1134 3296 repulsa,
1151 3203 1251 3274 hilari
1269 3214 1390 3276 mente

294 3314 502 3408 simpliciter
516 3319 751 3409 quaerentibus
769 3328 900 3412 eroget,
917 3327 1126 3413 metuatque
1151 3322 1389 3415 evangelicam

291 3431 384 3501 illius
401 3434 628 3526 negotiatoris
654 3438 875 3520 sententiam,
894 3437 954 3527 qui
979 3437 1121 3508 domiuo
1138 3461 1201 3508 suo
1218 3439 1391 3530 reconsig-

290 3567 374 3616 nare
400 3548 618 3621 dissimulans
642 3573 764 3621 mnam
787 3553 1004 3636 foeneratam,
1021 3555 1116 3624 omni
1134 3555 1305 3626 beneficio
1322 3557 1390 3647 pri·

290 3672 401 3746 vatus,
419 3667 488 3737 oris
505 3667 558 3737 sui
569 3667 704 3759 judicio
721 3691 871 3760 nequam
889 3671 980 3741 servi
997 3673 1190 3764 pmmeruit
1206 3681 1338 3742 notum

342 4143 456 4227 Quam
476 4151 686 4219 sententiam
714 4149 891 4217 incurrere
916 4147 1114 4229 formidans,
1132 4169 1208 4241 ego,
1226 4149 1389 4244 indignus

290 4269 327 4330 et
345 4283 436 4352 pene
453 4263 582 4334 nullius
600 4264 748 4334 nominis
761 4262 958 4343 homuncio,
976 4263 1069 4354 quod
1082 4263 1169 4332 mihi
1186 4267 1294 4357 gratis
1307 4289 1388 4336 con-

289 4379 405 4459 cessit,
431 4403 508 4471 quae
534 4381 595 4449 dat
620 4380 781 4450 omnibus
807 4379 991 4449 affluenter
1015 4385 1054 4448 et
1073 4401 1143 4450 non
1164 4381 1387 4476 improperat

1609 3499 1612 3552 l
