3140 5152
320 501 385 564 ³70
674 515 867 562 rnroenrcr
892 515 996 562 mssa
1018 518 1072 562 ιιι.

322 671 361 734 ln
377 690 495 756 magna
516 667 715 756 providentia
736 669 855 733 habeat
877 679 921 748 ut,
943 671 1129 755 priusquam
1152 667 1272 756 aliquid
1287 669 1424 762 cymba·

321 773 386 838 lum
405 772 566 851 fundatur,
588 781 738 858 stagnum
762 794 836 836 cum
859 793 957 858 cupro
980 773 1159 852 misceatur,
1173 781 1211 834 ut
1227 779 1348 834 rectum
1371 793 1425 835 so-
1552 833 1554 868 Σ

321 897 398 938 num
420 873 547 938 habeat
592 873 687 949 Quod
712 875 738 938 si
763 876 853 940 aliter
878 876 988 939 fecerit
1011 896 1076 938 non
1098 874 1229 938 veniunt
1251 873 1292 936 ad
1314 881 1423 936 tonos.
1542 891 1554 973 d

322 975 443 1052 Quinta
466 985 522 1040 aut
543 985 634 1040 sexta
656 997 728 1062 pars
754 977 851 1041 debet
873 999 943 1042 esse
965 985 1124 1062 stagnum,
1146 983 1318 1060 utrumque
1340 973 1425 1037 bene

321 1078 520 1164 purificatum
555 1079 737 1164 priusquam
772 1080 996 1164 permiscentur
1031 1086 1068 1141 ut
1101 1077 1184 1142 clare
1215 1083 1341 1140 sonent
1390 1073 1425 1138 Si
1543 1090 1554 1168 ’Ἠ

320 1188 425 1243 autam
450 1179 520 1244 lirsa
544 1179 691 1266 cymbala
715 1180 819 1244 minus
843 1185 928 1244 recte
953 1177 1124 1257 sonuerint,
1146 1177 1209 1242 hoc
1233 1175 1426 1240 emendetur
1552 1233 1554 1268 ι

321 1281 397 1346 lima
411 1283 459 1346 vel
474 1283 590 1368 lapide.

587 1753 819 1850 CAPUT
877 1753 1156 1850 LXXXVL

662 1971 709 2014 DE
731 1969 902 2016 crunnus
926 1971 1073 2016 muslera.

324 2123 610 2278 FACTURUS
636 2127 795 2214 cymbala,
821 2129 956 2214 primum
980 2129 1088 2214 aquira
1114 2127 1171 2190 tibi
1197 2123 1369 2188 lectionem
1395 2133 1427 2186 et

419 2227 594 2292 seeundum
610 2229 695 2316 quod
711 2229 854 2294 docuerit
868 2231 1001 2294 formam
1018 2231 1124 2308 facito,
1140 2237 1235 2314 atque
1250 2247 1359 2288 ceram
1376 2223 1425 2286 di-

321 2333 454 2418 ligenter
469 2331 618 2418 pondera.
664 2331 770 2406 Quas¹
788 2355 860 2396 cum
876 2333 1003 2413 sudaria,
1019 2333 1101 2396 sicut
1115 2352 1211 2416 supra
1225 2327 1348 2392 dictum
1365 2336 1425 2404 est,

322 2435 347 2498 si
363 2433 438 2522 qnid
454 2455 509 2520 per
524 2433 748 2520 negligentiam
760 2435 809 2498 vel
825 2435 978 2500 incuriam
992 2436 1032 2500 de
1048 2433 1188 2521 equitate
1203 2441 1351 2496 tonorum
1369 2431 1425 2492 de-

322 2535 423 2614 luerit,
443 2535 589 2621 corriges.
636 2533 669 2599 Si
685 2535 819 2600 volueris
842 2537 1023 2622 cymbalum
1046 2537 1140 2602 ultius
1162 2535 1290 2612 habere,
1313 2533 1346 2595 in
1369 2554 1426 2595 ora

321 2635 449 2700 inferius
465 2637 599 2718 limabis,
615 2637 641 2701 si
657 2659 732 2702 vero
747 2636 906 2718 humilius,
921 2639 1003 2704 circa
1021 2661 1110 2704 oram
1125 2639 1158 2702 in
1173 2637 1318 2702 circuitu.

553 3107 793 3204 CAPUT
855 3107 1187 3204 LXXXVIL

652 3327 698 3370 DE
721 3325 892 3370 strennus
914 3325 1086 3370 annonam.

402 3475 462 3542 AO
476 3475 533 3540 tibi
548 3475 629 3539 duos
653 3475 751 3537 ferros
770 3473 968 3558 longitudine
983 3495 1096 3538 manus
1111 3482 1143 3538 et
1159 3475 1283 3540 modice
1298 3479 1427 3562 gracili-

424 3599 494 3642 ores
509 3577 640 3640 minimo
655 3575 766 3661 digito,
782 3575 837 3660 qui
859 3585 934 3640 sunt
955 3575 988 3640 in
1006 3599 1070 3641 una
1084 3587 1174 3662 parte
1189 3579 1376 3664 grossiores,
1393 3581 1426 3643 in

325 3679 423 3742 altera
437 3679 618 3743 summitate
630 3677 790 3743 deductim
802 3677 991 3762 graciliores,
1007 3685 1043 3742 nt
1058 3679 1180 3764 possint
1192 3702 1234 3744 ex
1248 3681 1353 3746 forma
1368 3683 1427 3747 de·

326 3782 416 3862 duci;
438 3781 638 3869 habeantque
653 3783 685 3846 in
701 3781 852 3868 grossiori
867 3791 956 3866 parte
971 3783 1089 3848 caudas
1103 3791 1225 3864 tenum,
1241 3793 1277 3848 ut
1291 3785 1426 3871 singulis

326 3885 497 3948 manubriis
515 3885 749 3970 contingantur,
768 3905 839 3970 quae
862 3885 1027 3949 manubria
1049 3886 1113 3949 sint
1132 3886 1286 3965 rotunda;
1312 3895 1345 3950 et
1368 3887 1428 3952 ha·

326 3987 423 4052 beant
444 3987 476 4051 in
499 3988 598 4050 altera
618 3985 799 4050 summitate
821 3986 932 4050 breves
955 3987 1062 4052 clavos
1082 3988 1292 4066 rotundos,in
1307 3989 1427 4076 quibus

325 4090 443 4154 tornari
454 4089 586 4176 possint.
624 4087 685 4152 His
702 4087 789 4151 ferris
801 4089 1004 4174 circumpone
1015 4088 1170 4174 argillam,
1186 4089 1287 4174 primo
1299 4111 1427 4175 parurn,

325 4191 439 4256 deinde
453 4191 589 4277 amplius
605 4192 779 4254 secundum
795 4190 1045 4277 magnitudinem
1057 4212 1153 4277 qnam
1166 4191 1310 4256 volneris.
1349 4193 1429 4270 Qut

324 4293 443 4360 siccata
459 4295 508 4358 fac
524 4295 730 4358 tornatorium
745 4301 835 4356 tuum
851 4294 963 4357 eodem
976 4292 1071 4357 modo
1087 4315 1152 4378 quo
1167 4301 1335 4358 tornantur
1350 4315 1429 4359 scn-

852 4439 935 4504 'quur
