3150 5140
300 523 364 588 260
649 542 841 588 rusorum
866 542 971 586 nisse
994 542 1048 584 111.

297 693 394 758 terius
416 693 538 758 fulvum
560 695 698 758 colorem
724 693 888 779 recipiant,
914 692 1067 778 nigellum
1091 700 1197 756 autem
1221 690 1347 756 limabis
1370 699 1405 756 et

297 796 397 881 polies
434 795 517 862 sicut
552 796 704 881 superius.
751 788 877 859 Deinde
911 797 1071 883 conjunge
1105 795 1261 860 auriculas
1290 815 1403 858 unam·

297 918 457 984 quamque
471 899 504 962 in
525 920 583 962 suo
598 899 681 972 loco,
696 908 730 963 et
743 907 831 962 trans
852 898 1018 978 foramina,
1034 921 1104 985 qum
1118 897 1150 960 in
1166 897 1211 962 eis
1226 904 1309 975 sunt,
1325 917 1403 960 con·

298 1000 361 1084 lige
384 1021 439 1064 eas
460 1000 563 1064 aureis
585 1001 683 1065 clavis
705 1023 778 1066 cum
801 1001 912 1087 gracili
930 1003 1046 1066 malleo
1068 1001 1151 1066 ferro
1171 1002 1308 1086 desuper
1327 999 1402 1064 feri·

297 1101 392 1180 endo,
413 1112 446 1165 et
467 1102 566 1166 altero
590 1102 671 1166 serro
694 1104 858 1190 subposito
881 1103 984 1170 donec
1006 1104 1136 1170 firmiter
1158 1111 1252 1180 stent,
1274 1111 1308 1166 et
1324 1101 1401 1164 rade

297 1201 472 1290 diligenter·
485 1212 581 1292 atque
603 1206 762 1291 pulicum
786 1205 901 1271 obtuso
924 1207 1007 1272 ferro
1030 1207 1115 1292 ipsas
1136 1225 1349 1290 percussuras,
1364 1212 1401 1268 ut

297 1327 392 1371 nemo
406 1308 566 1394 percipere
581 1309 690 1394 possit,
705 1308 839 1395 qualiter
854 1308 1048 1374 adhoereant.

594 1759 824 1857 CAPUT
884 1761 1106 1858 XLIIL

683 1982 730 2024 DE
752 1983 844 2026 1>st
866 1982 1009 2029 cunels.

297 2127 456 2283 POST
470 2129 538 2194 haec
553 2152 643 2194 sume
665 2140 812 2217 quartam
833 2141 956 2217 partem
977 2132 1113 2218 argenti,
1128 2131 1249 2196 addens
1265 2133 1293 2195 ei
1307 2132 1396 2219 quic-

373 2231 447 2317 quid
464 2254 483 2295 a
497 2253 573 2296 vase
587 2233 703 2296 limasti
719 2243 751 2296 et
765 2233 887 2312 rasisti;
911 2242 944 2298 et
962 2233 1059 2298 lunda
1075 2233 1186 2297 ordine
1201 2256 1265 2319 quo
1280 2255 1375 2320 supra
1384 2258 1393 2314 ς

294 2334 379 2397 unde
394 2333 491 2398 facies
506 2335 620 2421 pedem
642 2356 715 2398 cum
738 2335 824 2399 nodo
839 2335 921 2398 sicut
936 2335 1048 2421 pedem
1064 2335 1194 2399 minoris
1207 2335 1324 2414 calicis,
1339 2356 1395 2398 ex-

294 2445 388 2521 cepto
411 2435 497 2522 quod
519 2435 552 2498 in
574 2435 636 2500 hoc
658 2437 770 2522 majori
793 2435 942 2500 formabis
965 2447 1069 2501 costas
1085 2459 1104 2500 a
1118 2433 1283 2500 latitudine
1305 2437 1394 2522 pedis

294 2538 423 2602 inferius
437 2538 646 2602 ascendentes
661 2561 761 2624 usquc
783 2539 823 2602 ad
843 2539 974 2618 nodum,
991 2561 1070 2625 quas
1085 2540 1232 2604 dimidias
1247 2539 1394 2625 denigra-

294 2641 353 2720 bis,
369 2651 402 2704 et
419 2641 496 2705 alius
518 2640 618 2704 fodies
640 2647 672 2704 at
693 2639 860 2704 deaurabis
883 2651 978 2727 atque
1000 2641 1105 2706 modis
1127 2643 1274 2708 omnibus
1296 2640 1393 2706 deco-

294 2742 378 2806 rabis
394 2743 475 2806 sicut
488 2743 520 2805 in
536 2763 619 2807 vase.
664 2741 737 2818 Quo
753 2744 891 2828 perfecto
907 2744 1035 2808 anulum
1051 2765 1187 2830 quoquc,
1202 2742 1257 2830 qui
1272 2764 1394 2827 ponen-

294 2843 354 2906 dus
376 2853 426 2908 est
447 2845 528 2908 inter
547 2866 604 2908 vas
627 2853 660 2908 et
681 2845 812 2923 nodum,
835 2844 1002 2912 deaurabis
1028 2855 1125 2932 atque
1151 2845 1338 2931 conjunges,
1360 2853 1394 2908 ct

294 2946 435 3029 conligas
451 2947 532 3010 sicut
546 2946 699 3010 minorem
715 2946 856 3012 calicem.

605 3375 835 3477 CAPUT
897 3373 1086 3474 XLIV.

734 3605 780 3647 DE
803 3601 947 3647 PATENA.

292 3769 530 3924 DEINDE
555 3771 706 3858 quicquid
733 3772 848 3837 residui
875 3773 969 3836 luerit
994 3771 1128 3858 argenti,
1155 3772 1273 3840 funde:
1303 3773 1389 3842 unde

402 3873 497 3938 facies
512 3884 674 3960 patenam.
719 3874 827 3950 Quam
842 3897 914 3939 cum
931 3875 1153 3956 attenuemus,
1169 3875 1268 3940 facin
1282 3877 1388 3942 medio

289 3979 356 4064 ejus
371 3977 522 4042 circulum
537 3979 710 4043 secundum
733 3977 933 4041 latitudinem
951 3977 1069 4058 calicia,
1085 3989 1117 4042 et
1131 3979 1214 4042 infra
1228 3979 1312 4046 hunc
1327 3981 1387 4046 cir·

287 4082 393 4144 culum
417 4081 526 4146 metire
549 4090 622 4146 octo
645 4080 746 4166 spatia
767 4079 931 4166 aequaliter
951 4079 1062 4160 divisa,
1085 4079 1171 4143 etin
1193 4103 1386 4169 unoquoque

288 4183 455 4268 spatiosae
478 4184 627 4248 circulum
650 4183 827 4260 dimidium,
850 4191 885 4246 ut
906 4183 969 4246 sint
977 4182 1076 4268 'quasi
1097 4192 1171 4247 octo
1187 4204 1289 4262 arcus,
1305 4206 1385 4270 quos

286 4306 360 4349 cum
381 4286 517 4349 rotundo
545 4285 658 4349 malleo
684 4287 840 4370 percuties
866 4285 967 4348 donec
993 4285 1063 4350 cavi
1088 4285 1177 4364 fiant,
1202 4293 1235 4349 et
1255 4284 1385 4350 inferius

286 4387 394 4451 ductili
412 4409 506 4472 opere
529 4387 683 4472 percuties
706 4389 840 4474 angulos
861 4389 944 4452 inter
963 4388 1050 4473 ipsos
1072 4409 1174 4467 arcuS,
1197 4396 1230 4454 et
1250 4387 1384 4455 limbum

285 4489 368 4552 circa
404 4511 458 4552 eos
494 4489 660 4554 latitudine
697 4491 826 4556 minoris
860 4492 996 4577 ungula,
1032 4491 1087 4577 qui
1117 4511 1211 4576 super
1245 4491 1383 4558 emineat
