3140 5152
310 503 374 568 354
662 521 854 566 rusorum
880 523 982 566 crasa
1007 523 1059 566 ur.

312 674 343 736 in
366 673 568 760 percutiendo
590 677 765 762 conjunges
786 674 906 755 domui,
927 683 963 738 ut
987 672 1081 737 nichil
1105 669 1283 759 spiraminis
1305 679 1412 749 exeat,

313 777 372 840 nisi
387 798 443 862 per
457 777 612 840 foramina
631 778 745 864 quibus
761 779 874 841 fistulae
895 777 1082 864 inponendae
1102 783 1186 838 sunt.
1232 773 1316 836 Cum
1333 795 1412 837 vero

311 877 530 943 conflatorium
557 877 649 944 luerit
672 880 776 944 fusum
806 891 838 944 et
863 880 1018 954 limatum,
1041 889 1137 964 atquc
1163 875 1413 961 uniuscujusque

313 981 394 1046 follis
411 983 515 1044 fistula
531 1003 590 1046 suo
605 981 783 1046 inductorio
798 993 958 1068 coaptata,
974 981 1124 1067 conjungi
1141 989 1173 1044 et
1186 979 1318 1042 tirmiter
1332 999 1412 1040 con-

313 1083 440 1148 solidari
462 1083 558 1148 debet
580 1085 621 1149 ad
644 1085 774 1149 domum
798 1085 997 1171 organariam
1019 1083 1158 1160 inferius,
1180 1081 1224 1143 ita
1240 1089 1276 1142 ut
1295 1089 1414 1142 ventus

313 1209 388 1251 suos
421 1187 525 1251 aditus
551 1187 646 1253 libere
680 1189 828 1268 inveniat,
860 1199 891 1251 et
919 1210 974 1273 per
1002 1187 1080 1250 alias
1108 1186 1274 1270 juncturas
1306 1181 1414 1244 nulla-

313 1289 424 1352 tenus¹
449 1300 550 1354 exeat.
597 1291 669 1356 Hoc
696 1314 824 1377 quoque
852 1287 1067 1355 sollerterius²
1089 1283 1323 1372 procurandum
1352 1291 1415 1360 est,

314 1391 402 1454 utin
425 1393 529 1478 capite
551 1393 796 1480 uniuscujusque
819 1393 911 1471 follis,
941 1401 1014 1456 ante
1037 1391 1178 1454 foramen
1201 1386 1313 1450 listulae
1336 1407 1415 1460 suae,

314 1515 444 1579 cuprum
460 1504 556 1559 tenue
570 1496 757 1582 dependeat,
780 1495 866 1582 quod
882 1493 1060 1580 spiraminis
1075 1490 1203 1555 claudat
1216 1487 1352 1564 aditum,
1369 1486 1415 1548 ita

314 1605 350 1660 ut
362 1619 433 1661 cum
451 1597 533 1661 tollis
545 1599 652 1663 flando
667 1599 835 1684 deponitur
846 1598 920 1661 illud
937 1618 1068 1681 cuprum
1081 1595 1235 1669 sederet,
1251 1600 1283 1653 et
1298 1599 1416 1652 ventus

315 1699 447 1784 pleniter
472 1709 582 1780 exeat;
605 1723 740 1788 cumque
770 1701 852 1764 follis
882 1701 1022 1764 elevatur
1051 1707 1087 1760 ut
1115 1719 1171 1782 per
1200 1691 1415 1758 ventilabrum

315 1824 406 1866 suum
422 1801 534 1866 flatum
551 1816 700 1884 resumat,
712 1805 785 1869 illud
801 1826 935 1888 cuprum
951 1825 988 1865 os
1003 1801 1071 1886 ejus
1087 1801 1211 1887 penitus
1226 1795 1366 1871 claudat,
1384 1803 1417 1855 et

316 1912 443 1966 ventum
460 1926 555 1990 quem
571 1905 676 1969 emisit
690 1907 791 1970 redire
805 1928 870 1970 non
887 1904 1057 1992 permittat.

588 2425 823 2522 CAPUT
879 2421 1139 2520 LXXXV.

630 2643 675 2688 DE
698 2642 869 2688 cumcuma
893 2639 1101 2685 FUNDENDIS.

391 2785 598 2854 OMPOSlT
601 2789 698 2854 Ullll
701 2790 723 2854 S
741 2811 930 2876 campanam
943 2789 1078 2876 primum
1095 2785 1214 2851 incides
1225 2785 1281 2850 tibi
1294 2787 1417 2872 lignum

411 2891 529 2954 siccum
550 2893 591 2956 de
616 2916 744 2980 quercu,
767 2895 897 2979 longum
924 2891 1096 2956 secundum
1123 2891 1208 2977 quod
1233 2889 1280 2954 vis
1300 2890 1419 2954 habere

317 3013 518 3077 campanam,
530 2995 572 3058 ita
586 3005 621 3059 ut
631 3017 669 3059 ex
679 3005 811 3084 utraque
825 3006 914 3080 parte
924 3005 1014 3058 extra
1024 2995 1156 3058 formam
1167 2993 1305 3056 emineat
1315 2993 1420 3077 longi-

318 3092 429 3156 tudine
444 3093 536 3159 unius
551 3097 657 3182 palmi,
677 3108 709 3162 et
724 3100 878 3185 quadrum
896 3099 928 3161 in
944 3119 1006 3161 una
1022 3097 1203 3160 summitate
1219 3095 1368 3182 grossius,
1383 3095 1419 3157 in

318 3193 412 3259 aliam
425 3199 571 3283 gracilius
587 3210 619 3265 et
633 3201 813 3281 rotundum,
826 3211 862 3266 ut
877 3201 977 3287 possit
992 3200 1024 3263 in
1040 3199 1193 3264 foramine
1204 3197 1417 3262 circumvolvi.

320 3297 432 3386 Sitque
455 3302 638 3368 deductim·
664 3307 805 3392 grossius
831 3317 863 3370 et
888 3305 1039 3390 grossius,
1065 3311 1102 3366 ut
1125 3324 1197 3366 curn
1222 3323 1302 3387 opus
1325 3299 1421 3364 fuerit

320 3405 493 3487 perfectum
509 3407 600 3473 facile
617 3409 716 3494 possit
731 3407 832 3472 educi.
868 3407 964 3482 Quod
981 3407 1102 3492 lignum
1117 3405 1150 3469 in
1165 3403 1312 3491 grossiori
1328 3413 1419 3489 parte

320 3525 382 3568 una
398 3509 503 3592 palma
518 3522 591 3574 ante
606 3512 820 3575 summitatem
836 3509 993 3574 incidatur
1006 3509 1039 3572 in
1055 3508 1196 3587 circuitu,
1212 3516 1247 3570 ut
1262 3506 1317 3569 liat
1331 3505 1422 3570 fossa

320 3605 445 3672 duobus
459 3611 567 3697 digitis
583 3615 657 3691 lata,
677 3615 780 3699 sitque
796 3613 918 3699 lignum
941 3613 985 3675 ibi
1000 3612 1180 3690 rotundum,
1203 3609 1296 3696 juxta
1319 3630 1421 3696 quam

321 3705 440 3774 fossam
462 3715 628 3780 summitas
649 3716 748 3802 ipsius
770 3715 848 3802 ligni
871 3717 927 3779 liat
949 3713 1062 3794 tenuis,
1084 3713 1167 3777 utin
1190 3711 1273 3776 aliud
1296 3711 1421 3797 lignum

321 3831 451 3877 curvum
481 3818 574 3904 jungi
608 3819 718 3905 possit,
743 3841 798 3905 per
823 3819 910 3906 quod
934 3819 1038 3882 valeat
1063 3817 1096 3880 in
1119 3814 1249 3879 modum
1280 3815 1422 3878 runcinae

321 3915 528 3984 circumverti.
575 3920 671 3987 Fiunt
691 3923 806 3988 etenim
827 3922 890 3985 duo
911 3943 1031 3985 asseres
1054 3917 1249 4005 longitudine
1264 3925 1297 3981 et
1310 3917 1421 3980 latitu-

321 4017 396 4082 dine
421 4023 557 4108 aequales
581 4025 635 4112 qui
665 4026 848 4091 altrinsecus
880 4024 1114 4110 conjungantur
1136 4029 1169 4084 et
1197 4021 1424 4084 confirmenter

322 4132 457 4207 quatuor
478 4125 582 4214 lignis,
598 4130 641 4193 ita
661 4139 696 4193 ut
716 4130 779 4194 sint
800 4125 920 4214 ampli⁴
943 4125 1024 4190 inter
1037 4145 1071 4189 se
1091 4123 1265 4187 seeundum
1280 4117 1423 4208 longitu-

323 4225 428 4290 dinem
452 4231 591 4314 praedicti
618 4231 713 4317 ligni;
749 4231 837 4295 utin
860 4253 922 4294 uno
946 4249 1050 4293 assere
1066 4228 1123 4290 fiat
1140 4227 1282 4290 foramen
1301 4225 1334 4288 in
1355 4247 1423 4310 quo

422 4391 428 4419 ¹
447 4395 462 4419 “
472 4393 537 4442 nulla
547 4393 649 4454 teneun”
666 4394 730 4442 tabat
743 4393 825 4442 coda.
956 4389 966 4417 ²
983 4391 999 4416 “
1010 4385 1152 4445 S0llerli¹¹⁸›”
1168 4383 1222 4434 imi·

421 4473 431 4502 '
447 4478 462 4501 ¹¹
474 4475 631 4524 deductumt”
959 4471 968 4498 ⁴
984 4469 1104 4530 “ampla''
1121 4467 1333 4516 indoctissima.
