3140 5152
281 435 345 505 296
610 453 798 498 rusorurur
824 453 928 498 arasa
951 453 1004 498 111.

325 604 485 670 Inferioris
496 613 601 670 autem
618 605 716 689 partis
727 604 820 670 latior
835 605 961 682 limbus,
975 603 1082 668 incisis
1097 603 1223 688 angulis
1238 601 1387 666 similiter

280 709 312 770 iu
327 707 430 770 crucis
440 706 569 770 modum
584 705 780 785 formabitur,
796 715 832 770 ut
842 706 995 792 superiori
1011 715 1188 792 coaptetur,
1204 715 1237 768 et
1253 704 1388 768 inferior

281 808 396 872 limbus
418 808 451 870 in
472 807 641 872 rotundum
663 809 800 874 liniatur.
847 808 907 873 His
934 807 1038 872 taliter
1061 809 1180 894 aptatis
1209 808 1286 872 tolle
1316 808 1387 871 duo

280 910 368 995 ligna
391 909 433 972 ad
459 909 688 994 longitudinem
717 911 806 996 pedis
821 921 854 976 et
878 911 1126 996 grossitudinem
1148 932 1246 997 quam
1274 931 1385 974 ceram

282 1010 399 1074 habere
414 1010 559 1090 volueris,
574 1012 723 1099 aliudque
740 1012 861 1098 lignum
871 1021 969 1077 tautae
984 1013 1193 1098 longitudinis
1208 1012 1385 1076 rotundum

282 1121 315 1178 et
329 1133 477 1198 grossum
492 1122 530 1178 ut
551 1113 644 1178 hasta
657 1115 795 1196 lanceae3
818 1125 852 1180 et
874 1113 1007 1179 babebis
1022 1116 1173 1180 ascellam
1195 1115 1294 1178 latam
1311 1116 1386 1178 lou-

283 1214 426 1302 gitudiue
452 1213 553 1301 pedis,
569 1225 603 1280 et
626 1215 752 1281 duabus
779 1217 863 1282 uluis
887 1220 1018 1302 longam
1041 1223 1074 1280 et
1097 1217 1192 1280 valde
1214 1217 1386 1302 aequalem,

282 1338 487 1404 superquam
515 1319 656 1404 conligas
671 1319 823 1405 praedicta
846 1320 911 1384 duo
925 1320 1024 1405 ligna,
1041 1319 1086 1384 ita
1109 1329 1146 1383 ut
1171 1341 1191 1382 a
1217 1341 1252 1382 se
1276 1320 1387 1404 spatio

283 1418 405 1483 dimidii
420 1419 509 1505 pedis
531 1421 692 1507 disjuncta
706 1421 827 1508 lignum
843 1429 954 1486 contra
969 1422 1090 1507 liguum
1113 1421 1277 1507 aequaliter
1291 1431 1386 1506 apte-

282 1530 342 1586 tur.
390 1519 517 1585 Deinde
532 1523 606 1586 tolle
622 1545 725 1588 ceram
743 1545 853 1609 puram
869 1546 965 1612 quam
982 1523 1047 1608 igni
1063 1524 1244 1609 appositam
1259 1522 1388 1586 fortiter

284 1623 468 1702 macerabis,
485 1621 594 1710 sicque
608 1625 746 1688 calidam
761 1625 842 1688 inter
857 1625 921 1690 duo
937 1626 1025 1713 ligna
1040 1647 1135 1711 super
1149 1625 1300 1689 ascellam
1316 1626 1387 1688 col-

283 1725 411 1806 locabis,
423 1725 508 1812 prius
524 1748 609 1813 aqua
623 1727 787 1813 subposita
802 1749 843 1792 ue
857 1727 1048 1804 adhereant,
1062 1737 1095 1791 et
1116 1727 1193 1791 illud
1210 1727 1386 1791 rotundum

283 1827 404 1913 liguum
433 1825 646 1892 madefactum
677 1829 817 1916 utrisque
847 1829 994 1893 manibus
1018 1829 1141 1893 sortiter
1166 1828 1387 1914 superducens

283 1929 458 1992 secundum
468 1929 702 2014 spissitudinem
712 1931 870 2017 lignorum
880 1932 1070 1996 attenuabis.
1118 1931 1163 1996 Et
1177 1953 1251 1996 cum
1264 1932 1386 1995 multas

284 2040 391 2116 partes
419 2032 659 2118 squalescere
688 2035 857 2119 paraveris,
881 2034 996 2098 sedens
1018 2035 1114 2120 juxta
1140 2035 1247 2120 ignem
1276 2034 1385 2098 incide

284 2155 337 2196 eas
367 2134 577 2218 particulatim
607 2137 782 2200 secuudum
812 2136 925 2223 spatia,
956 2157 1027 2223 quae
1057 2136 1090 2198 in
1113 2137 1225 2222 argilla
1254 2136 1386 2202 turibuli

283 2235 448 2314 incideres,
464 2245 497 2301 et
518 2237 686 2325 uuicuique
710 2239 814 2325 spatio
828 2261 919 2304 suam
943 2238 1129 2325 particulam
1150 2239 1275 2304 modice
1299 2241 1386 2304 cale-

284 2339 399 2403 factam
416 2338 552 2424 aptabis,
567 2349 663 2428 atque
673 2363 745 2405 cum
762 2340 844 2405 ferro
855 2342 896 2405 ad
912 2342 1072 2428 hocopus
1088 2351 1164 2427 apto
1178 2351 1212 2405 et
1226 2341 1385 2406 calefacto

284 2441 562 2507 circumsolidabis.
607 2443 753 2529 Cumque
768 2443 830 2507 boc
846 2445 943 2509 modo
958 2453 1060 2509 totum
1082 2445 1229 2508 nucleum
1244 2443 1385 2508 exterius

285 2545 494 2630 cooperueris,
511 2545 618 2632 accipe
641 2545 756 2608 ferrum
771 2555 866 2609 tenue
881 2569 920 2610 ex
943 2555 1077 2632 utraque
1091 2556 1181 2632 parte
1196 2555 1326 2610 acutum
1349 2547 1384 2612 in

286 2648 415 2712 modum
432 2649 557 2734 gracilis
573 2649 707 2733 sagitte,
723 2670 795 2712 cum
818 2647 951 2734 parvula
965 2649 1078 2727 cauda,
1093 2648 1200 2734 ligneo
1215 2649 1386 2714 manubrio

285 2750 428 2829 infixum,
455 2759 582 2814 etcum
608 2752 660 2816 illo
687 2751 836 2815 exomni
863 2761 951 2842 parte
979 2750 1195 2830 circumcides,
1220 2762 1253 2814 et
1277 2751 1386 2816 buxeo

284 2851 371 2936 ligno
387 2853 499 2916 eodem
515 2852 611 2916 modo
627 2853 764 2916 formato
779 2853 934 2938 planabis,
950 2866 983 2918 et
996 2864 1032 2917 ut
1046 2854 1079 2916 in
1094 2853 1198 2917 uullo¹
1222 2854 1294 2917 loco
1309 2865 1400 2918 cera¹

286 2954 416 3038 spissior
441 2955 517 3018 sive*
532 2956 657 3018 tenuior
678 2956 718 3019 sit
743 2977 840 3042 quam
861 2956 895 3020 in
921 2955 994 3035 alio,
1015 2956 1208 3042 procurabis
1256 2954 1385 3019 Deinde

286 3057 431 3141 pertrahe
454 3057 487 3120 in
511 3057 643 3143 singulis
669 3057 825 3124 frontibus
849 3059 990 3145 singulos
1011 3079 1113 3136 arcus,
1134 3068 1167 3122 et
1188 3057 1222 3120 iu
1246 3057 1384 3144 obliquis

285 3159 457 3244 parietibus
480 3161 631 3240 similiter,
647 3169 679 3226 et
701 3162 760 3225 sub
775 3161 908 3248 singulis
929 3160 1064 3225 arcubus
1079 3182 1120 3224 ex
1145 3168 1279 3247 utraque
1294 3169 1385 3246 parte

287 3262 426 3349 singulas
441 3264 559 3343 valvas,
572 3263 662 3328 itaut
675 3287 872 3353 unaquaeque
883 3265 976 3328 valva
991 3273 1136 3350 quartam
1153 3273 1276 3348 partem
1288 3263 1383 3349 spatii

286 3367 457 3446 contiueat,
469 3377 501 3431 et
510 3368 582 3432 duas
594 3377 698 3454 partes
713 3367 745 3430 in
755 3367 860 3431 medio
872 3376 1058 3432 remaneant
1065 3392 1074 3446 ;
1097 3368 1130 3430 iu
1144 3365 1261 3452 quibus
1272 3365 1385 3452 spatiis

284 3470 446 3553 pertrahas
461 3471 521 3534 sub
536 3491 728 3557 unoquoque
743 3491 817 3532 arcu
832 3469 973 3555 singulas
984 3469 1141 3554 imagines
1155 3470 1385 3553 apostolomm,

285 3595 355 3658 qum
385 3575 515 3658 singula
545 3583 673 3637 teneant
700 3571 841 3658 singulos
866 3572 988 3651 breves,
1015 3571 1120 3656 effigie
1147 3593 1210 3658 qua
1236 3572 1384 3652 volueris,

286 3697 420 3761 quorum
436 3676 565 3740 nomina
581 3677 698 3740 scribes
713 3676 746 3738 iu
761 3673 859 3737 limbo
874 3673 959 3738 circa
980 3695 1081 3738 arcus.
1129 3673 1167 3736 lu
1183 3674 1293 3760 spatiis
1308 3697 1385 3740 vero

286 3779 457 3864 triangulis,
473 3777 528 3865 qui
550 3789 701 3843 tectorum
719 3776 833 3863 pinnas
854 3776 1021 3856 sustinent,
1037 3777 1188 3840 formabis
1204 3777 1386 3840 similitudi-

285 3903 357 3945 nem
373 3881 512 3969 lapidum
523 3881 701 3960 duodecim,
713 3880 885 3966 disponens
897 3877 1065 3964 unicuique
1075 3880 1220 3966 apostolo
1233 3880 1385 3944 couveni-

285 4001 388 4055 eutem
416 3987 564 4074 lapidem,
581 3985 754 4050 secuudum
774 3981 1038 4069 significationem
1062 3982 1200 4046 nominis
1226 3983 1283 4060 sui,
1299 4003 1384 4068 quo·

640 4195 646 4228 ¹
665 4201 679 4224 ‘⁶
691 4195 751 4255 illo,''
764 4193 843 4244 citios&
857 4196 883 4242 ln
894 4195 949 4242 MS.
963 4194 1061 4242 uidetur.
