3228 5134
667 539 855 583 canopum
880 539 982 582 LIBER
1006 541 1029 582 1.

663 804 902 903 CAPUT
961 805 1051 902 VL

554 1027 600 1070 DE
624 1025 764 1070 VENEDA
787 1027 824 1070 m
846 1027 967 1072 oenus
991 1024 1164 1072 porinum.

400 1173 549 1242 ElNDE
573 1179 745 1244 commisce
766 1177 891 1264 nigmm
914 1202 985 1244 cum
1009 1177 1133 1244 modico
1148 1175 1233 1256 albo,
1248 1173 1303 1262 qui
1317 1173 1403 1238 color

430 1288 561 1343 vocatur
580 1279 711 1359 veneds,
735 1288 768 1344 et
785 1278 882 1367 imple
900 1281 1034 1365 pupillos
1049 1278 1223 1344 oculorum.
1268 1274 1360 1338 Adde
1374 1275 1403 1338 ei

309 1373 404 1438 etism
419 1375 460 1438 de
475 1375 548 1440 elbo
563 1376 709 1462 amplius,
733 1385 765 1440 et
789 1377 885 1462 imple
911 1377 1020 1442 oculos
1041 1399 1082 1442 ex
1104 1383 1236 1462 utraque
1259 1380 1357 1458 purte,
1372 1377 1404 1432 et

310 1474 419 1539 album
434 1477 567 1562 simplex
583 1478 673 1544 linies
694 1478 775 1543 inter
790 1479 942 1566 pupillam
957 1487 989 1543 et
1003 1477 1107 1566 ipsum
1123 1477 1271 1552 colorem,
1287 1480 1402 1538 etcum

312 1597 396 1664 equa
410 1578 541 1644 lavabis.

619 1798 1111 1812 ffl-

636 2021 876 2118 CAPUT
936 2020 1069 2118 VlL

689 2243 735 2288 ΒΕ
757 2243 838 2288 Posc
861 2241 1028 2288 SECUNDO.

315 2391 536 2543 POSTEA
555 2393 663 2480 accipe
687 2415 775 2478 pose,
799 2395 925 2481 dequo
950 2413 1045 2479 supra
1068 2392 1187 2456 dictum
1211 2401 1270 2472 est,
1292 2400 1325 2456 et
1348 2391 1405 2454 ad-

412 2495 509 2558 misce
533 2495 561 2558 ei
588 2493 723 2580 amplius
747 2494 788 2560 de
811 2495 939 2582 prasino
954 2504 987 2559 et
1000 2493 1108 2573 rubeo,
1124 2492 1168 2556 ito
1182 2503 1218 2555 ut
1232 2492 1344 2556 umbra
1366 2491 1408 2556 sit

313 2595 477 2660 anterioris
493 2595 616 2673 colom's,
631 2604 665 2659 et
679 2595 776 2682 imple
791 2597 930 2660 medium
946 2596 1082 2682 spatium
1098 2596 1180 2660 inter
1194 2593 1360 2682 supercilia
1376 2601 1408 2657 et

312 2699 432 2775 oculos,
448 2709 481 2762 et
495 2697 554 2762 sub
569 2697 669 2762 oculis
684 2699 834 2779 medium,
850 2708 882 2763 et
900 2699 996 2784 juxta
1020 2719 1145 2776 nusum,
1168 2707 1201 2761 et
1219 2698 1300 2761 inter
1320 2718 1356 2760 os
1375 2703 1408 2758 et

313 2811 466 2878 mentum,
481 2821 598 2886 granos
612 2821 668 2862 seu
682 2799 832 2864 barbulas
847 2800 1094 2878 adolescentum,
1118 2808 1150 2864 et
1172 2801 1293 2885 palmas
1315 2796 1406 2861 dimi-

313 2901 382 2964 dias
398 2923 505 2964 versus
520 2902 676 2986 pollicem,
688 2909 721 2965 et
732 2902 828 2987 pedes
840 2923 935 2986 supra
944 2902 1082 2964 minores
1091 2900 1249 2980 articulos,
1265 2909 1297 2964 et
1312 2898 1407 2962 facies

315 3023 481 3088 puerorum
496 3011 529 3067 et
543 3003 708 3066 mulierum
723 3025 743 3067 e
757 3012 866 3067 mento
880 3025 981 3090 usque
996 3004 1037 3067 ed
1052 3011 1205 3088 tempore.

614 3295 1108 3306 Ἦ

628 3504 873 3600 CAPUT
931 3504 1097 3601 VIH.

688 3725 734 3770 DE
758 3725 844 3771 ROSA
866 3725 1034 3772 SECUNDA.

404 3877 553 3942 EINDE
578 3879 675 3941 misce
699 3899 772 3942 cum
796 3899 868 3942 rosa
891 3875 1083 3956 cenobiium
1108 3886 1140 3940 et
1166 3877 1256 3942 linies
1278 3879 1351 3941 inde
1373 3879 1406 3940 in

425 3980 530 4044 medio
548 3979 621 4058 oris,
644 3979 688 4043 itu
710 3985 745 4042 ut
765 3977 904 4042 anterior
924 3977 1067 4064 superius
1082 3977 1274 4065 inferiusque
1289 3989 1408 4064 pareat,

314 4094 346 4148 et
360 4083 411 4148 foc
427 4081 555 4145 subtiles
567 4091 684 4146 tructus
696 4103 789 4166 super
800 4102 905 4146 rosam
918 4079 949 4142 in
961 4078 1051 4159 fecie,
1067 4080 1100 4142 in
1111 4079 1194 4142 collo
1207 4080 1282 4143 etin
1295 4081 1407 4159 fiuntc,

313 4196 345 4250 et
371 4183 551 4269 designabis
574 4185 647 4248 inde
672 4183 822 4248 articulos
845 4183 877 4246 in
900 4182 1023 4267 palmis,
1039 4190 1070 4245 et
1085 4183 1250 4266 juncturus
1266 4181 1408 4244 omnium

314 4287 527 4351 membrorum
542 4294 574 4348 et
589 4285 717 4372 ungulo.
