3216 5138
293 533 354 597 142
644 553 834 598 rusorum
860 554 965 598 ursan
988 554 1026 597 ιι.

286 705 366 784 vitri,
391 705 533 790 co-operi
558 705 617 770 levi
641 707 755 784 colore,
779 705 921 790 quinon
944 705 1213 769 sittamdensus
1240 704 1384 770 sicutae-

285 806 390 871 cunda
411 806 534 885 umbra,
557 829 615 871 nec
639 815 705 872 tam
730 807 833 872 clarus
856 807 939 870 sicut
956 807 1060 887 tertia,
1077 807 1132 870 sed
1148 807 1229 871 inter
1244 807 1303 870 bas
1318 827 1384 870 me-

284 908 365 975 dius.
411 907 486 986 Quo
509 909 668 974 exsiccato
692 909 742 974 fac
766 931 839 974 cum
861 908 964 974 cauda
986 908 1112 994 pincelli
1130 909 1225 996 juxta
1254 909 1383 974 umbras

284 1011 413 1097 priores,
450 1032 529 1097 quas
567 1011 696 1090 feceras,
734 1012 864 1076 subtiles
895 1019 1016 1075 tractus
1045 1033 1085 1076 ex
1116 1021 1247 1099 utraque
1283 1021 1383 1097 parte,

284 1115 329 1178 ita
363 1122 400 1178 ut
428 1114 508 1178 inter
537 1114 596 1178 bos
626 1114 764 1178 tractus¹
797 1113 925 1177 umbras
954 1112 1037 1176 illius
1068 1112 1145 1176 levis
1171 1112 1285 1177 coloris
1308 1111 1383 1175 sub-

284 1215 354 1281 tiles
378 1225 498 1281 tractus
522 1225 716 1281 remaneant.
772 1215 811 1279 Iu
837 1217 957 1302 reliquo
981 1223 1089 1278 autem
1114 1214 1165 1278 fac
1188 1213 1323 1278 circulos
1351 1223 1384 1279 et

285 1339 400 1398 ramos,
424 1327 457 1382 ct
482 1318 514 1382 in
541 1319 587 1383 ais
612 1319 707 1382 flores
733 1339 771 1382 ac
799 1317 873 1381 folia
895 1317 1007 1381 codem
1030 1317 1137 1396 modo,
1161 1339 1225 1402 quo
1247 1317 1329 1380 fiunt
1350 1317 1384 1380 in

284 1421 394 1486 litteris
409 1420 522 1506 pictis;
546 1421 602 1486 sed
618 1441 750 1506 campos
765 1421 819 1507 qui
835 1420 994 1484 coloribus
1016 1418 1186 1505 implentur
1207 1419 1241 1481 in
1262 1418 1383 1498 litteris,

284 1523 382 1589 debes
397 1523 430 1588 in
446 1523 526 1589 vitro
542 1522 754 1588 subtilissimis
769 1521 955 1587 ramusculis
978 1521 1118 1608 pingere.
1164 1521 1264 1586 Pates
1285 1522 1383 1586 etiam
1489 1527 1497 1544 '

283 1627 317 1690 in
340 1627 417 1714 ipsis
445 1626 570 1691 circulis
600 1624 756 1690 interdum
786 1624 936 1689 bestiolas
963 1631 995 1688 et
1024 1623 1173 1703 anicolas,
1195 1624 1383 1688 vermiculos

282 1751 346 1817 que
360 1750 399 1794 ac
414 1729 516 1793 nudas
530 1727 683 1814 imagines
698 1727 843 1791 inserere.
883 1725 1009 1789 Eodem
1024 1727 1120 1789 modo
1137 1726 1235 1790 facies
1250 1748 1382 1813 campos

283 1853 323 1895 ex
338 1831 412 1896 albo
428 1829 611 1910 clarissimo,
627 1829 718 1916 cujus
733 1828 838 1915 campi
853 1828 1008 1915 imagines
1022 1828 1138 1893 vesties
1153 1851 1227 1893 cum
1242 1828 1381 1914 saphiro,

283 1930 384 2012 viridi,
411 1953 558 2017 purpura,
585 1939 617 1994 et
643 1931 827 1995 rubicundo.
886 1930 925 1994 ln
955 1932 1075 2016 campis
1098 1953 1172 1996 vero
1202 1931 1319 2017 saphiri
1349 1942 1382 1996 et

283 2033 391 2098 viridis
412 2033 526 2098 coloris
548 2032 659 2097 eodem
683 2032 780 2098 modo
801 2033 945 2119 depictis,
968 2043 1000 2099 et
1022 2033 1188 2099 rubicundi
1210 2056 1276 2099 non
1295 2034 1381 2121 picti,

283 2136 380 2200 facies
402 2135 592 2200 vestimenta
613 2157 654 2199 ex
677 2135 749 2200 albo
772 2135 957 2215 clarissimo,
980 2158 1044 2222 quo
1067 2136 1244 2201 vestimenti
1267 2158 1382 2223 genere

283 2239 405 2303 nullum
419 2237 592 2324 speciosius
607 2247 665 2301 est.
700 2235 751 2302 Ex
767 2258 861 2322 supra
875 2236 969 2302 dictis
985 2237 1086 2302 tribus
1100 2237 1258 2302 coloribus
1269 2239 1382 2324 pinges

283 2341 315 2406 in
331 2341 435 2406 limbis
451 2361 556 2404 ramos
572 2347 605 2404 et
619 2339 703 2421 folia,
718 2339 812 2404 flores
828 2351 859 2404 et
875 2341 987 2421 nodos,
1003 2341 1112 2405 ordine
1127 2363 1192 2426 quo
1208 2362 1324 2426 supra;
1348 2351 1381 2405 et

283 2445 378 2509 uteris
394 2442 512 2507 eisdem
528 2441 561 2506 in
577 2441 713 2507 vultibus
729 2443 905 2529 imaginum
920 2454 953 2507 et
968 2443 1114 2508 manibus
1133 2463 1170 2507 ac
1193 2443 1328 2529 podibus
1350 2451 1383 2508 et

283 2547 315 2609 in
330 2545 422 2610 nudis
439 2545 587 2610 membris
602 2567 657 2630 per
673 2545 779 2610 omnia
794 2569 850 2633 pro
866 2568 904 2610 eo
919 2547 1035 2627 colore,
1058 2547 1112 2634 qui
1135 2546 1168 2608 in
1190 2545 1381 2632 precedenti

282 2649 360 2714 libro
375 2647 488 2713 dicitur
503 2669 588 2734 pose.
634 2647 757 2712 Croceo
772 2651 852 2712 vitro
876 2671 940 2713 non
963 2649 1097 2712 multum
1120 2647 1216 2712 uteris
1238 2649 1270 2711 in
1285 2650 1379 2712 vesti-

283 2753 396 2817 mentis
417 2750 477 2815 nisi
503 2749 536 2814 in
560 2751 686 2815 coronis
710 2761 741 2816 et
763 2752 795 2814 in
817 2751 862 2815 eis
884 2751 962 2815 locis
983 2751 1039 2815 ubi
1061 2773 1173 2815 aunam
1195 2750 1381 2838 ponendum

283 2865 368 2919 esset
382 2855 414 2918 in
429 2853 561 2939 pictura.
608 2851 668 2916 His
684 2853 831 2918 omnibus
849 2855 893 2918 ita
915 2853 1088 2939 compactis
1110 2875 1148 2918 sc
1169 2853 1303 2940 depictis
1326 2876 1381 2919 co-

282 2955 442 3041 quendum
468 2963 516 3018 est
531 2954 646 3018 vitrum
672 2963 705 3018 ct
729 2955 816 3019 color
842 2955 1079 3020 confirmandus
1105 2955 1138 3020 in
1160 2957 1254 3021 furno
1283 2979 1379 3042 quem

282 3077 455 3144 compones
469 3056 531 3122 hoc
545 3055 652 3121 modo.

583 3704 820 3801 ciuus
877 3707 1060 3848 xxm.

482 3921 527 3964 DE
550 3923 664 3967 FURNO
685 3922 723 3966 IN
747 3923 817 3974 Quo
841 3926 973 3970 VI'I'RUM
997 3929 1182 3981 coom'run.

283 4067 508 4225 ACCIPE
534 4074 639 4162 virgas
659 4074 816 4140 flexibiles
843 4077 979 4163 infigens
1009 4101 1063 4144 eas
1091 4091 1182 4146 terrm
1203 4083 1235 4145 in
1258 4084 1377 4168 angulo

399 4175 525 4258 domus,
562 4189 698 4265 utroque
730 4181 835 4266 ca‘pite
872 4184 1035 4268 aequaliter
1070 4185 1103 4247 in
1140 4185 1377 4250 similitudinem

281 4299 422 4360 arcuum,
437 4279 491 4367 qui
515 4302 606 4346 arcus
622 4281 761 4346 babeant
775 4282 974 4348 altitudinem
989 4287 1079 4371 pedis
1102 4297 1134 4352 et
1149 4288 1280 4370 dimidii,
1303 4289 1377 4353 lati·

575 4467 582 4494 ¹
599 4469 655 4519 eod.
669 4469 766 4532 maipa
779 4471 795 4495 ‘⁴
804 4475 827 4516 et
838 4469 924 4531 priores
933 4472 944 4490 '¹
956 4475 1072 4538 interpola.
