3140 5152
280 444 345 507 300
630 461 822 506 rusosnrur
849 461 953 506 nrssn
977 462 1029 504 111.

274 612 345 698 jam
359 611 478 676 formae.
524 611 614 687 Quas
637 613 767 677 omniuo
783 613 917 676 siccatas
939 633 1038 699 pones
1053 611 1094 676 ad
1117 611 1234 699 ignem,
1250 621 1283 677 et
1304 635 1379 676 cum

280 715 441 780 calefactae
451 713 576 792 fuerint,
588 735 693 778 ceram
705 713 929 801 liquescentam
943 713 1041 778 frrnde
1051 714 1084 778 in
1096 735 1224 801 aquam,
1239 737 1382 778 rursum-

280 838 341 903 que
356 837 438 901 pone
454 815 494 878 ad
509 814 626 900 ignem,
642 815 751 902 sicque
765 815 862 880 facies
877 817 981 880 donec
998 837 1103 880 ceram
1126 815 1256 880 omnino
1271 815 1380 880 eicias.

283 917 364 981 Post
378 916 445 980 haec
468 916 501 980 in
526 916 597 980 loco
612 926 688 1001 apto
712 927 745 982 et
760 917 875 1004 oequali
893 939 992 1004 pones
1016 917 1171 982 carbones
1197 939 1324 1002 grossos
1348 926 1383 980 et

281 1017 424 1103 frigidos,
440 1040 533 1104 super
547 1041 628 1106 quos
643 1019 782 1084 stabilias
794 1021 922 1098 formas,
938 1019 1144 1084 foraminibus
1158 1018 1287 1082 inferius
1302 1040 1382 1082 con-

282 1119 389 1199 versis,
405 1131 437 1184 et
458 1120 677 1208 circumpones
692 1121 737 1186 eis
759 1122 880 1208 lapides
900 1123 1006 1201 duros,
1022 1122 1077 1210 qui
1093 1121 1209 1186 resilire
1224 1142 1289 1184 non
1304 1142 1383 1205 pos-

281 1223 345 1286 sint
359 1223 400 1286 ad
416 1224 553 1287 calorem
567 1224 661 1310 ignis,
676 1233 708 1289 et
722 1225 883 1289 ordinabis
901 1247 957 1290 eos
972 1224 1110 1310 lapidem
1134 1245 1227 1310 super
1241 1221 1383 1308 lapidem

281 1324 314 1387 in
331 1325 566 1390 similitudinem
578 1325 660 1389 muri
675 1325 794 1412 absque
807 1335 1054 1411 temperamento
1067 1328 1178 1404 siccos,
1195 1326 1239 1389 ita
1253 1334 1289 1388 ut
1299 1325 1384 1388 inter

281 1425 402 1512 lapides
426 1429 526 1492 multa
549 1427 706 1492 foramina
731 1437 764 1491 et
790 1429 921 1514 parvula
944 1437 1140 1492 remaneant.
1187 1425 1315 1502 Quibus
1333 1427 1383 1489 ita

281 1529 475 1615 compositis,
491 1529 585 1594 altius
607 1551 703 1616 quam
727 1529 837 1594 formae
852 1531 916 1594 sint
941 1530 1043 1616 spatio
1058 1529 1180 1594 dimidii
1205 1529 1304 1616 pedis,
1319 1529 1384 1592 cir-

282 1631 453 1696 cumfunde
478 1630 632 1696 carbones
658 1631 813 1710 ardentes,
840 1653 876 1696 ac
903 1631 1018 1698 deiude
1044 1631 1177 1718 frigidos
1206 1654 1307 1720 usque
1336 1632 1382 1696 ad

283 1756 453 1813 summum,
468 1743 500 1798 et
514 1754 591 1797 cave
606 1743 641 1797 ut
661 1741 783 1798 tantum
802 1733 894 1819 spatii
912 1733 953 1798 sit
967 1734 1049 1798 inter
1066 1734 1186 1798 formas
1200 1743 1233 1798 et
1247 1734 1383 1820 lapidea,

283 1835 368 1922 quod
379 1837 532 1901 carbones
547 1857 659 1922 capere
669 1836 778 1921 possit.
820 1833 968 1922 Cumque
979 1837 1133 1900 carbones
1145 1858 1256 1902 omnes
1267 1836 1383 1900 incan-

282 1937 417 2016 duerint,
433 1937 590 2000 interdum
606 1937 713 2023 gracili
726 1937 812 2024 ligno
822 1939 969 2002 movendi
982 1947 1056 2002 sunt
1067 1938 1314 2026 circumquoque
1324 1959 1384 2024 per

282 2037 438 2102 foramina
463 2039 544 2101 inter
570 2036 691 2124 lapides
716 2047 752 2103 ut
776 2060 810 2102 se
834 2039 1040 2125 conjungant,
1066 2049 1098 2104 et
1122 2041 1209 2105 calor
1227 2063 1266 2104 ex
1292 2039 1384 2103 omni

284 2149 373 2226 parte
387 2139 517 2228 oequalis
532 2139 583 2203 sit.
628 2139 673 2203 Et
696 2163 768 2204 cum
789 2142 822 2204 in
837 2150 961 2206 tanturn
976 2141 1196 2207 descenderint
1210 2149 1247 2206 ut
1259 2141 1382 2206 formas

283 2241 389 2306 videre
405 2241 517 2328 possis,
530 2242 643 2306 iterum
658 2243 753 2328 imple
775 2242 896 2329 frigidis
911 2243 1101 2309 carbonibus
1116 2266 1217 2331 usque
1236 2244 1277 2308 ad
1293 2265 1384 2308 sum·

284 2367 382 2424 mum,
398 2344 507 2431 sicque
532 2343 624 2407 tertio
651 2343 756 2408 facies.
803 2344 941 2409 Etcum
964 2345 1077 2410 videris
1101 2346 1219 2410 formas
1241 2344 1381 2410 exterius

283 2448 481 2526 candescere,
493 2467 577 2532 pone
600 2467 656 2510 vas
682 2445 714 2510 in
739 2447 845 2532 ignem
866 2469 937 2512 cum
961 2448 1116 2513 auricalco
1138 2449 1225 2537 quod
1248 2448 1382 2512 fundere

215 2597 224 2614 .
283 2549 429 2628 volueris,
445 2557 477 2613 et
491 2549 626 2634 primum
644 2547 777 2626 modice,
793 2546 907 2613 deinde
923 2550 1024 2636 magis
1040 2551 1205 2637 magisque
1224 2550 1380 2628 sufflabis,

284 2653 387 2718 donec
412 2651 542 2716 omnino
568 2651 718 2738 liquefiat.
763 2649 838 2724 Quo
865 2651 949 2716 facto
973 2674 1045 2716 cum
1071 2673 1167 2716 curvo
1193 2652 1273 2716 ferro
1294 2662 1327 2716 et
1348 2652 1383 2714 in

283 2755 371 2840 ligno
395 2755 495 2818 infixo
516 2754 683 2838 diligenter
711 2774 886 2832 commove,
902 2762 934 2817 et
951 2775 1007 2817 vas
1032 2755 1064 2817 in
1088 2755 1170 2818 latus
1194 2753 1278 2817 aliud
1303 2775 1384 2818 con-

285 2865 390 2936 verte;
415 2877 599 2942 rursumque
626 2855 784 2919 auricalco
813 2855 907 2942 imple
929 2865 962 2919 et
988 2857 1118 2934 calefac,
1144 2856 1253 2942 sicque
1283 2854 1383 2918 facies

284 2959 387 3023 donec
399 2979 455 3021 vas
471 2958 599 3045 plenum
615 2958 681 3035 fiat,
696 2967 728 3020 et
743 2957 847 3020 denuo
857 2978 929 3020 cum
941 2980 1040 3022 curvo
1055 2959 1138 3022 ferro
1154 2957 1382 3036 commovebis,

285 3069 317 3124 et
329 3081 349 3123 a
363 3058 553 3122 carbonibus
568 3058 727 3144 purgabis,
743 3067 775 3122 et
790 3059 950 3124 sufflatore
965 3059 1085 3123 fortiter
1107 3059 1204 3124 flante
1219 3059 1382 3144 cooperies

284 3160 409 3248 magnis
425 3161 624 3226 carbonibus.
670 3159 797 3224 Deinde
808 3159 923 3224 amotis
937 3161 1093 3247 lapidibus
1104 3162 1222 3224 formas
1237 3160 1330 3224 eicies
1339 3161 1382 3224 ab

284 3263 368 3352 igne,
385 3272 417 3327 et
438 3264 580 3351 argillam
602 3264 800 3328 abundanter
814 3263 899 3348 aqud
914 3263 1074 3347 perfusam
1090 3272 1186 3350 atque
1200 3263 1233 3326 in
1250 3263 1382 3328 modum

284 3363 360 3430 fecis
385 3373 580 3432 attenuatam
604 3389 677 3431 cum
702 3387 808 3452 panno
834 3364 999 3450 diligenter
1026 3365 1243 3446 circumlinieS,
1273 3365 1382 3454 sicque

279 3468 374 3551 juxta
388 3467 559 3549 fornacem,
574 3469 607 3533 in
622 3491 717 3556 quam
741 3467 858 3547 fundis,
873 3467 961 3533 fossa
977 3467 1064 3532 facta
1078 3467 1197 3532 formas
1218 3469 1335 3554 inpone
1350 3479 1383 3532 et

284 3577 400 3632 terram
416 3571 659 3658 circumquaque
684 3591 851 3654 exaggera,
867 3580 899 3633 et
920 3571 1007 3656 ligno
1030 3569 1159 3634 inferius
1179 3569 1291 3657 aequali
1314 3592 1383 3635 cre-

284 3668 371 3734 brius
399 3670 592 3758 inpingendo
625 3671 791 3758 diligenter
820 3671 1004 3756 comprime.
1049 3671 1227 3759 Statimque
1261 3671 1383 3738 habeas

285 3793 350 3858 prae
373 3773 519 3836 manibus
545 3773 749 3860 panniculum
771 3773 981 3860 multipliciter
1003 3776 1227 3862 complicatum
1251 3783 1283 3838 et
1304 3777 1383 3841 fisso

285 3872 371 3962 ligno
386 3876 579 3962 impositum,
595 3876 760 3963 ejectoque
771 3875 926 3941 vassiculo
944 3877 985 3940 ab
1000 3877 1074 3964 igne
1089 3899 1162 3940 eum
1178 3877 1296 3962 forcipe
1311 3900 1384 3942 cur·

285 3986 359 4044 vato
374 3987 484 4062 rostro,
499 3988 532 4044 et
554 3979 722 4068 panniculo
747 3977 904 4065 apposito,
920 3979 974 4065 qui
997 3980 1107 4045 sordes
1130 3990 1163 4043 et
1179 3979 1301 4044 favillas
1324 3981 1384 4045 de-
