3220 5138
327 525 371 586 50
693 543 881 587 rauoemnr
906 545 1006 586 arasa
1029 545 1052 586 1.

326 716 428 780 coque
441 715 555 779 aquam
573 716 671 780 usque
687 695 726 758 ad
743 696 866 760 tertiam
882 703 1015 781 partem,
1031 695 1139 782 sicque
1154 693 1282 781 ejiciens
1298 694 1338 756 de
1352 694 1423 780 ipso

328 795 448 860 cacabo
472 795 561 859 mitte
582 797 614 859 in
639 798 803 877 minorem,
820 808 852 862 et
873 799 993 863 tamdiu
1019 820 1121 885 coque
1136 799 1239 862 donee
1264 796 1424 881 nigrescat

328 909 423 986 atque
451 898 582 985 incipiat
607 901 803 980 densescere,
829 899 891 965 hoc
922 902 1052 965 omnino
1077 922 1194 964 cavens
1224 921 1263 963 ne
1293 898 1422 984 aliquod

328 1002 428 1066 addas
459 1024 559 1087 aquae,
590 1015 724 1089 excepta
747 1005 801 1067 ilia
824 1027 895 1090 quae
924 1027 1020 1068 succo
1051 1003 1150 1066 mixta
1172 1011 1230 1066 est.
1276 1001 1423 1088 Cumque

329 1107 442 1170 videris
472 1127 543 1169 eam
568 1107 764 1187 densescere,
794 1108 876 1171 adde
901 1107 965 1170 vini
991 1106 1060 1192 puri
1083 1105 1207 1169 tertium
1235 1113 1366 1190 partem,
1392 1116 1424 1168 et

328 1208 457 1274 mittens
473 1206 503 1270 in
516 1209 594 1274 ollas
610 1231 710 1274 novas
720 1211 800 1274 duas
811 1211 860 1274 vel
871 1219 944 1289 trae,
956 1209 1077 1272 tamdiu
1089 1228 1192 1294 coque
1201 1208 1302 1271 donec
1315 1207 1424 1270 videas

328 1311 415 1398 quod
430 1311 463 1373 in
479 1332 626 1396 supremo
648 1315 739 1399 quasi
761 1322 867 1376 cutem
893 1313 1007 1376 trahat.
1054 1310 1180 1375 Dehinc
1202 1309 1316 1372 tollens
1338 1310 1423 1394 ipsas

329 1414 408 1478 ollas
434 1413 476 1476 ab
499 1414 573 1500 igne
597 1436 680 1500 pone
696 1417 736 1479 ad
762 1416 861 1479 solem
881 1415 984 1478 donec
1007 1436 1041 1478 se
1057 1415 1182 1499 nigmm
1207 1411 1384 1475 incaustum
1404 1433 1424 1475 a

331 1517 428 1582 rubea
443 1517 521 1580 saece
546 1517 698 1602 purificet.
745 1518 866 1582 Postea
888 1518 961 1581 tolie
986 1516 1142 1580 folliculos
1166 1537 1206 1578 ex
1231 1535 1424 1600 pergameno

329 1620 496 1705 diligenter
511 1629 661 1684 consutos
684 1629 716 1685 et
731 1620 863 1698 vesicas,
878 1629 910 1683 et
933 1619 1102 1683 infundens
1117 1639 1228 1704 purum
1244 1618 1424 1680 incaustum

330 1721 487 1807 suspende
502 1721 544 1784 ad
567 1723 667 1786 solem
683 1722 784 1787 donec
803 1723 933 1786 omnino
956 1723 1098 1786 siccetur.
1144 1720 1291 1808 Cumque
1305 1721 1423 1783 siccum

330 1824 433 1902 suerit,
449 1824 524 1887 tolle
539 1823 612 1888 inde
634 1825 782 1911 quotiens
799 1825 934 1889 volueris
949 1833 981 1888 et
995 1835 1137 1910 tempera
1153 1845 1225 1887 cum
1242 1823 1314 1886 vino
1330 1843 1425 1906 super

330 1927 495 2005 carbones,
507 1935 539 1990 et
554 1927 676 1991 addens
687 1929 847 1992 modicum
860 1928 1027 1992 atramenti
1038 1926 1148 1990 scribe.
1194 1925 1290 2001 Quod
1305 1925 1331 1988 si
1347 1946 1424 1988 con-

329 2027 435 2114 tigerit
456 2049 512 2113 per
536 2029 762 2115 negligentiam
783 2039 819 2094 ut
843 2053 907 2094 non
931 2029 1007 2093 satis
1035 2029 1159 2115 nigrum
1179 2028 1220 2092 sit
1234 2028 1424 2104 incaustum,

330 2129 438 2216 accipe
454 2130 586 2194 frustum
611 2131 823 2216 grossitudine
837 2133 930 2196 unius
952 2131 1053 2218 digiti,
1069 2141 1101 2196 et
1115 2153 1236 2217 ponens
1258 2132 1290 2194 in
1305 2131 1425 2218 ignem,

330 2231 398 2296 sine
413 2231 612 2314 candescere,
628 2253 704 2298 mox
720 2241 751 2298 et
765 2235 797 2298 in
813 2236 990 2300 incaustum
1007 2235 1133 2321 projice.

653 2997 811 3044 EXPLICIT
833 2996 935 3041 LIBER
959 2999 1096 3044 PRIMUS.
