3168 5140
303 489 368 552 400
654 505 844 550 racemum
869 501 973 549 urana
996 507 1049 549 nr.

300 671 420 746 petram
444 679 653 724 marmoream
676 657 783 743 redegi
805 657 837 722 in
861 657 1032 744 pulverem,
1061 663 1158 744 atque
1181 651 1351 740 sulphuris
1375 674 1416 716 ac

300 763 387 848 cupri
400 763 557 848 pulverem
574 761 664 826 valde
676 759 782 824 tritum
799 760 984 824 commiscui
993 785 1002 842 3
1027 759 1112 824 lacta
1127 768 1235 822 autem
1247 757 1307 820 tali
1318 777 1416 820 com·

301 864 462 944 mixtione,
472 865 559 928 illam
571 885 650 950 puro
666 861 785 949 gummi
801 863 922 950 liquore
933 861 1118 948 temperavi,
1132 870 1165 924 et
1179 881 1277 945 super
1288 867 1413 922 testam

300 987 340 1030 ex
369 967 430 1030 lrac
459 988 557 1031 causa
587 965 741 1052 probandi
767 965 901 1051 pincello
926 965 1017 1044 traxi,
1048 973 1145 1051 atque
1174 964 1209 1026 in
1236 962 1412 1026 fornacem

299 1067 434 1134 eandem
458 1069 558 1155 posui.
604 1071 664 1133 Ast
677 1069 732 1133 ubi
749 1069 817 1132 rusa
833 1068 900 1148 fuit,
922 1069 1009 1133 illam
1024 1091 1044 1130 a
1059 1068 1191 1131 fornace
1211 1064 1355 1144 extraxi,
1379 1073 1414 1128 et

299 1172 484 1238 commixtio
513 1195 609 1262 quam
632 1193 725 1258 snper
754 1181 869 1236 testam
896 1171 983 1258 pinxi
1004 1173 1037 1234 in
1060 1169 1160 1234 viride
1187 1171 1308 1234 vitrum
1331 1189 1414 1232 con-

303 1296 393 1338 versa
407 1285 465 1340 est.

654 1667 892 1766 CAPUT
951 1659 1086 1764 Ox¹

629 1913 676 1956 DE
699 1911 848 1957 Plc‘ruax
871 1911 942 1955 CUM
966 1911 1081 1955 VITRO.

304 2071 537 2225 VlTRUM
555 2072 640 2160 quod
661 2073 793 2138 nimium
815 2074 894 2138 viret
908 2073 933 2138 si
949 2074 1062 2161 quaeris
1080 2073 1122 2137 ad
1145 2073 1298 2160 pingendi
1314 2097 1412 2138 usum

408 2177 461 2240 tibi
485 2176 598 2254 faeere,
628 2176 735 2262 accipe
758 2175 845 2262 cupri
868 2175 1055 2262 rubiginem,
1078 2176 1218 2263 itemque
1242 2177 1412 2263 pulverem

302 2278 364 2343 arsi
379 2279 478 2365 cupri,
501 2279 602 2342 aciae
622 2279 683 2342 hoc
699 2279 785 2365 quod
811 2279 894 2342 utilis
910 2299 961 2342 ars
982 2278 1039 2342 tibi
1055 2277 1181 2365 quaerit.
1225 2277 1414 2364 Diligenter

303 2382 480 2468 rubiginem
496 2391 528 2445 et
540 2383 699 2468 pulverem
716 2382 803 2466 cupri
818 2404 890 2445 cum
908 2381 987 2445 vitro
1008 2383 1092 2446 claro
1107 2393 1184 2460 tere,
1205 2391 1237 2444 et
1253 2382 1340 2446 facta
1355 2383 1413 2446 tali

303 2485 539 2563 commixtione,
566 2505 661 2548 causa
684 2483 838 2568 probandi
861 2505 901 2548 ex
924 2505 961 2546 ea
984 2505 1078 2569 super
1108 2491 1224 2548 testam
1249 2485 1348 2570 pinge
1373 2507 1413 2548 ac

304 2587 417 2650 deinde
441 2586 474 2648 in
500 2586 659 2650 fornacem
686 2585 780 2649 valde
805 2585 968 2648 incensam
995 2585 1082 2648 illam
1109 2607 1203 2672 pone.
1262 2587 1328 2651 Ast
1355 2589 1414 2652 ubi

304 2689 426 2773 pictura
443 2687 538 2752 nimid
555 2689 659 2752 lueida
675 2699 831 2774 estsuper
855 2689 989 2754 eandem
1012 2697 1126 2752 testam
1141 2689 1228 2753 illam
1243 2710 1263 2752 a
1278 2689 1416 2754 fornace

304 2791 425 2875 recipe:
458 2801 494 2854 ut
512 2801 619 2854 autem
652 2791 766 2876 frigida
796 2792 863 2869 erit,
897 2793 1036 2856 colorem
1060 2790 1238 2878 preciosum
1258 2791 1290 2854 in
1312 2814 1349 2854 se
1365 2814 1418 2856 re·

303 2892 407 2977 cipiet.
463 2891 534 2956 Hoc
556 2893 627 2955 ideal
651 2892 746 2956 frater
764 2893 820 2957 tibi
842 2893 926 2973 dico,
948 2895 1023 2981 qnia
1045 2894 1199 2981 quamdiu
1220 2903 1270 2958 eat
1292 2894 1416 2958 vitrum

304 2995 407 3056 calore
424 2993 583 3078 perfusum
600 3017 665 3058 non
681 2995 842 3081 proprium
857 2997 916 3060 sibi
932 2996 1020 3060 dedit
1034 2997 1183 3063 colorem.

645 3269 775 3279 ---.-.
788 3273 842 3279 —
886 3275 1115 3288 ,,-,,,,,,--.

646 3475 877 3572 CAPUT
937 3473 1123 3574 CVL'

707 3716 751 3758 DE
775 3716 865 3760 Anno
888 3717 1005 3760 VlTllO.

308 3869 525 4024 ALBUM
551 3876 665 3940 vitrum
688 3879 712 3942 si
731 3880 844 3964 quaeris
865 3879 922 3943 tibi
943 3879 1046 3943 lucere
1068 3879 1108 3942 ad
1131 3879 1281 3966 pingendi
1304 3901 1416 3962 usum,

414 3979 585 4044 candidum
602 3982 822 4067 sulphureum
839 3983 919 4046 vitro
936 3982 1021 4046 claro
1036 3983 1201 4070 diligenter
1216 3993 1292 4046 tere.
1323 3981 1416 4048 Cum

306 4098 412 4151 autem
432 4086 462 4147 iu
480 4085 638 4170 pulverem
663 4084 827 4148 redactum
844 4084 937 4148 luerit
951 4107 1022 4150 cum
1040 4086 1200 4172 sulphure,
1221 4085 1298 4149 illud
1314 4108 1419 4174 super

305 4191 441 4276 spissam
473 4197 586 4251 testam
622 4207 715 4272 pone,
752 4207 790 4249 ac
825 4186 941 4252 deinde
975 4187 1008 4251 in
1038 4188 1198 4252 lomacem
1233 4189 1326 4253 valde
1363 4191 1417 4252 in-

305 4313 434 4356 censam
452 4313 544 4376 pone.
592 4289 638 4352 Ut
667 4299 773 4352 autem
796 4289 829 4352 in
854 4290 958 4353 calore
981 4291 1062 4376 ignis
1084 4290 1336 4376 conglutinatum
1363 4303 1418 4355 est

502 4459 508 4487 ¹
527 4459 657 4508 “Eruli’'
675 4461 768 4508 ridetur
778 4475 829 4510 me.
1117 4461 1128 4488 ¹
1143 4462 1212 4510 idem.
