<?xml version="1.0" encoding="UTF-8"?>
<!DOCTYPE html PUBLIC "-//W3C//DTD XHTML 1.0 Transitional//EN"
    "http://www.w3.org/TR/xhtml1/DTD/xhtml1-transitional.dtd">
<html xmlns="http://www.w3.org/1999/xhtml" xml:lang="en" lang="en">
 <head>
  <title>
</title>
<meta http-equiv="Content-Type" content="text/html;charset=utf-8" />
  <meta name='ocr-system' content='tesseract 3.04.00' />
  <meta name='ocr-capabilities' content='ocr_page ocr_carea ocr_par ocr_line ocrx_word'/>
</head>
<body>
  <div class='ocr_page' id='page_1' title='image "./theophiliquietr00hendgoog_0392.png"; bbox 0 0 3140 5152; ppageno 0'>
   <div class='ocr_carea' id='block_1_1' title="bbox 314 491 1059 554">
    <p class='ocr_par' dir='ltr' id='par_1_1' title="bbox 314 491 1059 554">
     <span class='ocr_line' id='line_1_1' title="bbox 314 491 1059 554; baseline 0 0"><span class='ocrx_word' id='word_1_1' title='bbox 314 491 379 554; x_wconf 73' lang='lat'><strong>326</strong></span> <span class='ocrx_word' id='word_1_2' title='bbox 665 509 856 554; x_wconf 77' lang='lat' dir='ltr'><strong>rusorarur</strong></span> <span class='ocrx_word' id='word_1_3' title='bbox 882 509 986 554; x_wconf 81' lang='lat' dir='ltr'><strong>mssa</strong></span> <span class='ocrx_word' id='word_1_4' title='bbox 1005 509 1059 554; x_wconf 84' lang='grc' dir='ltr'><strong>ιιι.</strong></span> 
     </span>
    </p>
   </div>
   <div class='ocr_carea' id='block_1_2' title="bbox 316 659 1427 954">
    <p class='ocr_par' dir='ltr' id='par_1_2' title="bbox 316 659 1427 954">
     <span class='ocr_line' id='line_1_2' title="bbox 316 659 1427 748; baseline 0.002 -24"><span class='ocrx_word' id='word_1_5' title='bbox 316 661 433 748; x_wconf 88' lang='lat' dir='ltr'><strong>poteris</strong></span> <span class='ocrx_word' id='word_1_6' title='bbox 442 659 571 724; x_wconf 88' lang='lat' dir='ltr'><strong>interius</strong></span> <span class='ocrx_word' id='word_1_7' title='bbox 584 681 655 724; x_wconf 88' lang='lat' dir='ltr'><strong>cum</strong></span> <span class='ocrx_word' id='word_1_8' title='bbox 670 663 766 746; x_wconf 89' lang='lat' dir='ltr'><strong>longo</strong></span> <span class='ocrx_word' id='word_1_9' title='bbox 777 663 893 726; x_wconf 86' lang='lat' dir='ltr'><strong>malleo</strong></span> <span class='ocrx_word' id='word_1_10' title='bbox 908 673 941 726; x_wconf 88' lang='lat' dir='ltr'><strong>et</strong></span> <span class='ocrx_word' id='word_1_11' title='bbox 950 662 1061 748; x_wconf 81' lang='lat' dir='ltr'><strong>gracili</strong></span> <span class='ocrx_word' id='word_1_12' title='bbox 1073 671 1238 748; x_wconf 90' lang='lat' dir='ltr'><strong>percutere</strong></span> <span class='ocrx_word' id='word_1_13' title='bbox 1248 673 1284 728; x_wconf 91' lang='lat' dir='ltr'><strong>et</strong></span> <span class='ocrx_word' id='word_1_14' title='bbox 1295 671 1427 727; x_wconf 82' lang='lat' dir='ltr'><strong>attenu-</strong></span> 
     </span>
     <span class='ocr_line' id='line_1_3' title="bbox 317 762 1426 852; baseline 0.001 -25"><span class='ocrx_word' id='word_1_15' title='bbox 317 783 381 842; x_wconf 87' lang='lat' dir='ltr'><strong>are,</strong></span> <span class='ocrx_word' id='word_1_16' title='bbox 395 763 423 828; x_wconf 93' lang='lat' dir='ltr'><strong>si</strong></span> <span class='ocrx_word' id='word_1_17' title='bbox 437 785 518 849; x_wconf 90' lang='lat' dir='ltr'><strong>opus</strong></span> <span class='ocrx_word' id='word_1_18' title='bbox 533 763 637 828; x_wconf 84' lang='lat' dir='ltr'><strong>fuerit</strong></span> <span class='ocrx_word' id='word_1_19' title='bbox 683 762 780 840; x_wconf 92' lang='lat' dir='ltr'><strong>Quod</strong></span> <span class='ocrx_word' id='word_1_20' title='bbox 797 763 822 826; x_wconf 89' lang='lat' dir='ltr'><strong>si</strong></span> <span class='ocrx_word' id='word_1_21' title='bbox 845 764 911 829; x_wconf 93' lang='lat' dir='ltr'><strong>duo</strong></span> <span class='ocrx_word' id='word_1_22' title='bbox 929 765 1045 851; x_wconf 86' lang='lat' dir='ltr'><strong>capita,</strong></span> <span class='ocrx_word' id='word_1_23' title='bbox 1061 765 1109 828; x_wconf 89' lang='lat' dir='ltr'><strong>vel</strong></span> <span class='ocrx_word' id='word_1_24' title='bbox 1132 765 1193 830; x_wconf 89' lang='lat' dir='ltr'><strong>tria</strong></span> <span class='ocrx_word' id='word_1_25' title='bbox 1207 787 1264 830; x_wconf 83' lang='lat' dir='ltr'><strong>seu</strong></span> <span class='ocrx_word' id='word_1_26' title='bbox 1280 767 1377 852; x_wconf 87' lang='lat' dir='ltr'><strong>plura</strong></span> <span class='ocrx_word' id='word_1_27' title='bbox 1391 765 1426 828; x_wconf 89' lang='lat' dir='ltr'><strong>in</strong></span> 
     </span>
     <span class='ocr_line' id='line_1_4' title="bbox 317 865 1427 954; baseline 0.002 -26"><span class='ocrx_word' id='word_1_28' title='bbox 317 865 427 929; x_wconf 87' lang='lat' dir='ltr'><strong>tabula</strong></span> <span class='ocrx_word' id='word_1_29' title='bbox 441 887 510 929; x_wconf 89' lang='lat' dir='ltr'><strong>esse</strong></span> <span class='ocrx_word' id='word_1_30' title='bbox 525 865 672 945; x_wconf 91' lang='lat' dir='ltr'><strong>debeant,</strong></span> <span class='ocrx_word' id='word_1_31' title='bbox 681 867 766 931; x_wconf 87' lang='lat' dir='ltr'><strong>circa</strong></span> <span class='ocrx_word' id='word_1_32' title='bbox 774 868 1027 954; x_wconf 89' lang='lat' dir='ltr'><strong>unumquodque</strong></span> <span class='ocrx_word' id='word_1_33' title='bbox 1041 867 1087 932; x_wconf 87' lang='lat' dir='ltr'><strong>ita</strong></span> <span class='ocrx_word' id='word_1_34' title='bbox 1101 866 1204 932; x_wconf 86' lang='lat' dir='ltr'><strong>facere</strong></span> <span class='ocrx_word' id='word_1_35' title='bbox 1220 869 1322 933; x_wconf 86' lang='lat' dir='ltr'><strong>debes</strong></span> <span class='ocrx_word' id='word_1_36' title='bbox 1339 868 1427 931; x_wconf 89' lang='lat' dir='ltr'><strong>sicut</strong></span> 
     </span>
    </p>
   </div>
   <div class='ocr_carea' id='block_1_3' title="bbox 317 967 1488 2388">
    <p class='ocr_par' dir='ltr' id='par_1_3' title="bbox 317 967 1488 2388">
     <span class='ocr_line' id='line_1_5' title="bbox 317 967 1426 1059; baseline 0.002 -28"><span class='ocrx_word' id='word_1_37' title='bbox 317 967 394 1050; x_wconf 89' lang='lat' dir='ltr'>dixi,</span> <span class='ocrx_word' id='word_1_38' title='bbox 416 991 517 1056; x_wconf 88' lang='lat' dir='ltr'><strong>usque</strong></span> <span class='ocrx_word' id='word_1_39' title='bbox 539 967 579 1033; x_wconf 91' lang='lat' dir='ltr'><strong>ad</strong></span> <span class='ocrx_word' id='word_1_40' title='bbox 604 970 801 1034; x_wconf 73' lang='lat' dir='ltr'><strong>altitudinem</strong></span> <span class='ocrx_word' id='word_1_41' title='bbox 827 981 980 1059; x_wconf 90' lang='lat' dir='ltr'><strong>quantam</strong></span> <span class='ocrx_word' id='word_1_42' title='bbox 1001 971 1148 1036; x_wconf 88' lang='lat' dir='ltr'><strong>volueris.</strong></span> <span class='ocrx_word' id='word_1_43' title='bbox 1195 971 1324 1035; x_wconf 83' lang='lat' dir='ltr'><strong>Deinde</strong></span> <span class='ocrx_word' id='word_1_44' title='bbox 1347 992 1426 1034; x_wconf 89' lang='lat' dir='ltr'><strong>cum</strong></span> 
     </span>
     <span class='ocr_line' id='line_1_6' title="bbox 318 1071 1427 1160; baseline 0 -24"><span class='ocrx_word' id='word_1_45' title='bbox 318 1071 523 1157; x_wconf 84' lang='lat' dir='ltr'><strong>pertracterio</strong></span> <span class='ocrx_word' id='word_1_46' title='bbox 538 1073 621 1138; x_wconf 85' lang='lat' dir='ltr'><strong>ferro</strong></span> <span class='ocrx_word' id='word_1_47' title='bbox 635 1073 767 1159; x_wconf 86' lang='lat' dir='ltr'><strong>designa</strong></span> <span class='ocrx_word' id='word_1_48' title='bbox 782 1095 896 1160; x_wconf 87' lang='lat' dir='ltr'><strong>corpus</strong></span> <span class='ocrx_word' id='word_1_49' title='bbox 911 1073 961 1138; x_wconf 83' lang='lat' dir='ltr'><strong>vel</strong></span> <span class='ocrx_word' id='word_1_50' title='bbox 976 1093 1111 1160; x_wconf 87' lang='lat' dir='ltr'><strong>corpora</strong></span> <span class='ocrx_word' id='word_1_51' title='bbox 1125 1072 1313 1160; x_wconf 82' lang='lat' dir='ltr'><strong>imaginum,</strong></span> <span class='ocrx_word' id='word_1_52' title='bbox 1329 1073 1427 1136; x_wconf 88' lang='lat' dir='ltr'><strong>etita</strong></span> 
     </span>
     <span class='ocr_line' id='line_1_7' title="bbox 318 1173 1427 1262; baseline 0 -24"><span class='ocrx_word' id='word_1_53' title='bbox 318 1173 505 1240; x_wconf 88' lang='lat' dir='ltr'><strong>deducendo</strong></span> <span class='ocrx_word' id='word_1_54' title='bbox 514 1185 547 1239; x_wconf 90' lang='lat' dir='ltr'><strong>et</strong></span> <span class='ocrx_word' id='word_1_55' title='bbox 560 1175 718 1240; x_wconf 87' lang='lat' dir='ltr'><strong>interdum</strong></span> <span class='ocrx_word' id='word_1_56' title='bbox 733 1175 948 1262; x_wconf 86' lang='lat' dir='ltr'><strong>percutiendo,</strong></span> <span class='ocrx_word' id='word_1_57' title='bbox 958 1175 1098 1242; x_wconf 80' lang='lat' dir='ltr'><strong>elevabis</strong></span> <span class='ocrx_word' id='word_1_58' title='bbox 1112 1196 1150 1239; x_wconf 89' lang='lat' dir='ltr'><strong>ea</strong></span> <span class='ocrx_word' id='word_1_59' title='bbox 1165 1185 1322 1262; x_wconf 88' lang='lat' dir='ltr'><strong>quantum</strong></span> <span class='ocrx_word' id='word_1_60' title='bbox 1338 1175 1427 1238; x_wconf 92' lang='lat' dir='ltr'><strong>libu-</strong></span> 
     </span>
     <span class='ocr_line' id='line_1_8' title="bbox 318 1277 1429 1366; baseline -0.001 -24"><span class='ocrx_word' id='word_1_61' title='bbox 318 1277 396 1358; x_wconf 81' lang='lat' dir='ltr'><strong>erit3</strong></span> <span class='ocrx_word' id='word_1_62' title='bbox 419 1277 481 1344; x_wconf 90' lang='lat' dir='ltr'><strong>hoc</strong></span> <span class='ocrx_word' id='word_1_63' title='bbox 497 1289 603 1343; x_wconf 88' lang='lat' dir='ltr'><strong>tamen</strong></span> <span class='ocrx_word' id='word_1_64' title='bbox 624 1301 796 1366; x_wconf 73' lang='lat' dir='ltr'><strong>procurans</strong></span> <span class='ocrx_word' id='word_1_65' title='bbox 810 1289 848 1344; x_wconf 92' lang='lat' dir='ltr'><strong>ut</strong></span> <span class='ocrx_word' id='word_1_66' title='bbox 866 1289 964 1366; x_wconf 86' lang='lat' dir='ltr'><strong>eaput</strong></span> <span class='ocrx_word' id='word_1_67' title='bbox 985 1301 1111 1365; x_wconf 85' lang='lat' dir='ltr'><strong>semper</strong></span> <span class='ocrx_word' id='word_1_68' title='bbox 1125 1279 1166 1343; x_wconf 90' lang='lat' dir='ltr'><strong>sit</strong></span> <span class='ocrx_word' id='word_1_69' title='bbox 1184 1279 1290 1342; x_wconf 90' lang='lat' dir='ltr'><strong>altius.</strong></span> <span class='ocrx_word' id='word_1_70' title='bbox 1341 1279 1429 1342; x_wconf 88' lang='lat' dir='ltr'><strong>Post</strong></span> 
     </span>
     <span class='ocr_line' id='line_1_9' title="bbox 321 1378 1430 1468; baseline 0.002 -26"><span class='ocrx_word' id='word_1_71' title='bbox 321 1378 390 1444; x_wconf 85' lang='lat' dir='ltr'><strong>brec</strong></span> <span class='ocrx_word' id='word_1_72' title='bbox 400 1379 583 1468; x_wconf 78' lang='lat' dir='ltr'><strong>designabis</strong></span> <span class='ocrx_word' id='word_1_73' title='bbox 592 1402 684 1446; x_wconf 86' lang='lat' dir='ltr'><strong>nares</strong></span> <span class='ocrx_word' id='word_1_74' title='bbox 695 1391 728 1446; x_wconf 88' lang='lat' dir='ltr'><strong>et</strong></span> <span class='ocrx_word' id='word_1_75' title='bbox 738 1382 904 1446; x_wconf 86' lang='lat' dir='ltr'><strong>oculorum</strong></span> <span class='ocrx_word' id='word_1_76' title='bbox 919 1381 1097 1468; x_wconf 89' lang='lat' dir='ltr'><strong>supercilia,</strong></span> <span class='ocrx_word' id='word_1_77' title='bbox 1109 1403 1145 1446; x_wconf 90' lang='lat' dir='ltr'><strong>os</strong></span> <span class='ocrx_word' id='word_1_78' title='bbox 1161 1390 1194 1446; x_wconf 90' lang='lat' dir='ltr'><strong>et</strong></span> <span class='ocrx_word' id='word_1_79' title='bbox 1207 1401 1312 1460; x_wconf 83' lang='lat' dir='ltr'><strong>aures,</strong></span> <span class='ocrx_word' id='word_1_80' title='bbox 1324 1383 1430 1467; x_wconf 88' lang='lat' dir='ltr'><strong>capil-</strong></span> 
     </span>
     <span class='ocr_line' id='line_1_10' title="bbox 320 1483 1428 1570; baseline 0.001 -24"><span class='ocrx_word' id='word_1_81' title='bbox 320 1483 378 1564; x_wconf 86' lang='lat' dir='ltr'><strong>los,</strong></span> <span class='ocrx_word' id='word_1_82' title='bbox 393 1485 513 1563; x_wconf 90' lang='lat' dir='ltr'><strong>oculos,</strong></span> <span class='ocrx_word' id='word_1_83' title='bbox 529 1504 641 1548; x_wconf 90' lang='lat' dir='ltr'><strong>manus</strong></span> <span class='ocrx_word' id='word_1_84' title='bbox 655 1493 689 1548; x_wconf 88' lang='lat' dir='ltr'><strong>et</strong></span> <span class='ocrx_word' id='word_1_85' title='bbox 703 1483 843 1565; x_wconf 85' lang='lat' dir='ltr'><strong>brachia,</strong></span> <span class='ocrx_word' id='word_1_86' title='bbox 864 1493 1056 1570; x_wconf 78' lang='lat' dir='ltr'><strong>caeterasque</strong></span> <span class='ocrx_word' id='word_1_87' title='bbox 1071 1483 1334 1549; x_wconf 80' lang='lat' dir='ltr'><strong>vestimentorum</strong></span> <span class='ocrx_word' id='word_1_88' title='bbox 1351 1507 1428 1547; x_wconf 89' lang='lat' dir='ltr'><strong>um-</strong></span> 
     </span>
     <span class='ocr_line' id='line_1_11' title="bbox 322 1585 1428 1672; baseline -0.003 -21"><span class='ocrx_word' id='word_1_89' title='bbox 322 1587 407 1664; x_wconf 88' lang='lat' dir='ltr'><strong>bras,</strong></span> <span class='ocrx_word' id='word_1_90' title='bbox 430 1587 566 1652; x_wconf 86' lang='lat' dir='ltr'><strong>scabella</strong></span> <span class='ocrx_word' id='word_1_91' title='bbox 580 1595 614 1652; x_wconf 91' lang='lat' dir='ltr'><strong>et</strong></span> <span class='ocrx_word' id='word_1_92' title='bbox 629 1585 736 1672; x_wconf 89' lang='lat' dir='ltr'><strong>pedes,</strong></span> <span class='ocrx_word' id='word_1_93' title='bbox 758 1595 791 1650; x_wconf 88' lang='lat' dir='ltr'><strong>et</strong></span> <span class='ocrx_word' id='word_1_94' title='bbox 806 1586 852 1652; x_wconf 93' lang='lat' dir='ltr'><strong>sic</strong></span> <span class='ocrx_word' id='word_1_95' title='bbox 872 1587 1001 1652; x_wconf 88' lang='lat' dir='ltr'><strong>interius</strong></span> <span class='ocrx_word' id='word_1_96' title='bbox 1023 1609 1097 1651; x_wconf 90' lang='lat' dir='ltr'><strong>cum</strong></span> <span class='ocrx_word' id='word_1_97' title='bbox 1120 1586 1297 1651; x_wconf 88' lang='lat' dir='ltr'><strong>minoribus</strong></span> <span class='ocrx_word' id='word_1_98' title='bbox 1318 1587 1428 1650; x_wconf 87' lang='lat' dir='ltr'><strong>curvis</strong></span> 
     </span>
     <span class='ocr_line' id='line_1_12' title="bbox 322 1687 1429 1776; baseline -0.002 -24"><span class='ocrx_word' id='word_1_99' title='bbox 322 1689 411 1754; x_wconf 80' lang='lat' dir='ltr'><strong>ferris</strong></span> <span class='ocrx_word' id='word_1_100' title='bbox 425 1688 563 1753; x_wconf 77' lang='lat' dir='ltr'><strong>elevabis</strong></span> <span class='ocrx_word' id='word_1_101' title='bbox 586 1687 697 1753; x_wconf 88' lang='lat' dir='ltr'><strong>leniter</strong></span> <span class='ocrx_word' id='word_1_102' title='bbox 710 1697 743 1752; x_wconf 91' lang='lat' dir='ltr'><strong>et</strong></span> <span class='ocrx_word' id='word_1_103' title='bbox 756 1687 934 1774; x_wconf 86' lang='lat' dir='ltr'><strong>diligenter,</strong></span> <span class='ocrx_word' id='word_1_104' title='bbox 956 1711 1158 1776; x_wconf 83' lang='lat' dir='ltr'><strong>summopere</strong></span> <span class='ocrx_word' id='word_1_105' title='bbox 1173 1709 1291 1754; x_wconf 87' lang='lat' dir='ltr'><strong>caveus</strong></span> <span class='ocrx_word' id='word_1_106' title='bbox 1307 1697 1344 1752; x_wconf 93' lang='lat' dir='ltr'><strong>ut</strong></span> <span class='ocrx_word' id='word_1_107' title='bbox 1360 1709 1429 1750; x_wconf 90' lang='lat' dir='ltr'><strong>nou</strong></span> 
     </span>
     <span class='ocr_line' id='line_1_13' title="bbox 323 1789 1488 1877; baseline -0.003 -23"><span class='ocrx_word' id='word_1_108' title='bbox 323 1801 488 1877; x_wconf 88' lang='lat' dir='ltr'><strong>rumpatur</strong></span> <span class='ocrx_word' id='word_1_109' title='bbox 508 1799 564 1855; x_wconf 90' lang='lat' dir='ltr'><strong>aut</strong></span> <span class='ocrx_word' id='word_1_110' title='bbox 585 1790 769 1877; x_wconf 85' lang='lat' dir='ltr'><strong>perforetur.</strong></span> <span class='ocrx_word' id='word_1_111' title='bbox 814 1790 911 1867; x_wconf 92' lang='lat' dir='ltr'><strong>Quod</strong></span> <span class='ocrx_word' id='word_1_112' title='bbox 934 1791 961 1855; x_wconf 88' lang='lat' dir='ltr'><strong>si</strong></span> <span class='ocrx_word' id='word_1_113' title='bbox 983 1813 1023 1856; x_wconf 86' lang='lat' dir='ltr'><strong>ex</strong></span> <span class='ocrx_word' id='word_1_114' title='bbox 1045 1789 1224 1877; x_wconf 88' lang='lat' dir='ltr'><strong>ignorantia</strong></span> <span class='ocrx_word' id='word_1_115' title='bbox 1243 1811 1300 1854; x_wconf 89' lang='lat' dir='ltr'><strong>seu</strong></span> <span class='ocrx_word' id='word_1_116' title='bbox 1323 1789 1429 1876; x_wconf 88' lang='lat' dir='ltr'><strong>negli-</strong></span> <span class='ocrx_word' id='word_1_117' title='bbox 1484 1810 1488 1818; x_wconf 78' lang='lat'><strong>·</strong></span> 
     </span>
     <span class='ocr_line' id='line_1_14' title="bbox 324 1891 1429 1978; baseline -0.002 -22"><span class='ocrx_word' id='word_1_118' title='bbox 324 1893 432 1978; x_wconf 83' lang='lat' dir='ltr'><strong>gentis</strong></span> <span class='ocrx_word' id='word_1_119' title='bbox 447 1892 624 1978; x_wconf 89' lang='lat' dir='ltr'><strong>contigerit,</strong></span> <span class='ocrx_word' id='word_1_120' title='bbox 646 1892 708 1958; x_wconf 86' lang='lat' dir='ltr'><strong>boc</strong></span> <span class='ocrx_word' id='word_1_121' title='bbox 724 1893 820 1958; x_wconf 94' lang='lat' dir='ltr'><strong>modo</strong></span> <span class='ocrx_word' id='word_1_122' title='bbox 840 1893 967 1958; x_wconf 85' lang='lat' dir='ltr'><strong>solidari</strong></span> <span class='ocrx_word' id='word_1_123' title='bbox 988 1893 1093 1958; x_wconf 90' lang='lat' dir='ltr'><strong>debet.</strong></span> <span class='ocrx_word' id='word_1_124' title='bbox 1137 1893 1227 1957; x_wconf 85' lang='lat' dir='ltr'><strong>Tolle</strong></span> <span class='ocrx_word' id='word_1_125' title='bbox 1241 1892 1341 1977; x_wconf 89' lang='lat' dir='ltr'><strong>ipsius</strong></span> <span class='ocrx_word' id='word_1_126' title='bbox 1358 1891 1429 1954; x_wconf 86' lang='lat' dir='ltr'><strong>auri</strong></span> 
     </span>
     <span class='ocr_line' id='line_1_15' title="bbox 324 1993 1429 2082; baseline 0.001 -26"><span class='ocrx_word' id='word_1_127' title='bbox 324 1994 374 2058; x_wconf 90' lang='lat' dir='ltr'><strong>vel</strong></span> <span class='ocrx_word' id='word_1_128' title='bbox 394 1993 515 2080; x_wconf 85' lang='lat' dir='ltr'><strong>argenti</strong></span> <span class='ocrx_word' id='word_1_129' title='bbox 537 1994 708 2074; x_wconf 90' lang='lat' dir='ltr'><strong>modicum,</strong></span> <span class='ocrx_word' id='word_1_130' title='bbox 728 2004 761 2059; x_wconf 90' lang='lat' dir='ltr'><strong>et</strong></span> <span class='ocrx_word' id='word_1_131' title='bbox 779 1995 919 2060; x_wconf 80' lang='lat' dir='ltr'><strong>admisce</strong></span> <span class='ocrx_word' id='word_1_132' title='bbox 939 1995 1064 2060; x_wconf 80' lang='lat' dir='ltr'><strong>tertiam</strong></span> <span class='ocrx_word' id='word_1_133' title='bbox 1085 2005 1207 2082; x_wconf 83' lang='lat' dir='ltr'><strong>partem</strong></span> <span class='ocrx_word' id='word_1_134' title='bbox 1227 1995 1328 2080; x_wconf 89' lang='lat' dir='ltr'><strong>cupri,</strong></span> <span class='ocrx_word' id='word_1_135' title='bbox 1352 1993 1429 2058; x_wconf 77' lang='lat' dir='ltr'><strong>firn-</strong></span> 
     </span>
     <span class='ocr_line' id='line_1_16' title="bbox 323 2094 1430 2186; baseline 0.001 -27"><span class='ocrx_word' id='word_1_136' title='bbox 323 2095 466 2182; x_wconf 91' lang='lat' dir='ltr'><strong>deneque</strong></span> <span class='ocrx_word' id='word_1_137' title='bbox 481 2095 596 2182; x_wconf 87' lang='lat' dir='ltr'><strong>pariter</strong></span> <span class='ocrx_word' id='word_1_138' title='bbox 610 2094 735 2160; x_wconf 88' lang='lat' dir='ltr'><strong>limabie</strong></span> <span class='ocrx_word' id='word_1_139' title='bbox 750 2097 917 2177; x_wconf 84' lang='lat' dir='ltr'><strong>subtiliter,</strong></span> <span class='ocrx_word' id='word_1_140' title='bbox 928 2098 1158 2186; x_wconf 89' lang='lat' dir='ltr'><strong>combustoque</strong></span> <span class='ocrx_word' id='word_1_141' title='bbox 1169 2097 1430 2182; x_wconf 81' lang='lat' dir='ltr'><strong>viniceolapide,</strong></span> 
     </span>
     <span class='ocr_line' id='line_1_17' title="bbox 325 2196 1430 2288; baseline 0 -26"><span class='ocrx_word' id='word_1_142' title='bbox 325 2206 358 2262; x_wconf 87' lang='lat' dir='ltr'><strong>et</strong></span> <span class='ocrx_word' id='word_1_143' title='bbox 382 2196 492 2262; x_wconf 84' lang='lat' dir='ltr'><strong>addito</strong></span> <span class='ocrx_word' id='word_1_144' title='bbox 517 2198 584 2262; x_wconf 90' lang='lat' dir='ltr'><strong>sale</strong></span> <span class='ocrx_word' id='word_1_145' title='bbox 610 2199 830 2266; x_wconf 87' lang='lat' dir='ltr'><strong>commiscebis</strong></span> <span class='ocrx_word' id='word_1_146' title='bbox 856 2221 951 2288; x_wconf 88' lang='lat' dir='ltr'><strong>aqua,</strong></span> <span class='ocrx_word' id='word_1_147' title='bbox 981 2221 1021 2264; x_wconf 87' lang='lat' dir='ltr'><strong>ex</strong></span> <span class='ocrx_word' id='word_1_148' title='bbox 1047 2222 1112 2287; x_wconf 93' lang='lat' dir='ltr'><strong>quo</strong></span> <span class='ocrx_word' id='word_1_149' title='bbox 1137 2199 1274 2264; x_wconf 88' lang='lat' dir='ltr'><strong>tenuiter</strong></span> <span class='ocrx_word' id='word_1_150' title='bbox 1301 2199 1430 2276; x_wconf 85' lang='lat' dir='ltr'><strong>liniens,</strong></span> 
     </span>
     <span class='ocr_line' id='line_1_18' title="bbox 326 2301 1429 2388; baseline -0.002 -22"><span class='ocrx_word' id='word_1_151' title='bbox 326 2301 495 2366; x_wconf 79' lang='lat' dir='ltr'><strong>fracturam</strong></span> <span class='ocrx_word' id='word_1_152' title='bbox 508 2323 714 2388; x_wconf 89' lang='lat' dir='ltr'><strong>supersparge</strong></span> <span class='ocrx_word' id='word_1_153' title='bbox 726 2303 915 2368; x_wconf 89' lang='lat' dir='ltr'><strong>limaturam.</strong></span> <span class='ocrx_word' id='word_1_154' title='bbox 961 2301 1037 2378; x_wconf 91' lang='lat' dir='ltr'><strong>Qua</strong></span> <span class='ocrx_word' id='word_1_155' title='bbox 1049 2303 1168 2366; x_wconf 87' lang='lat' dir='ltr'><strong>siccata</strong></span> <span class='ocrx_word' id='word_1_156' title='bbox 1179 2303 1284 2366; x_wconf 89' lang='lat' dir='ltr'><strong>denuo</strong></span> <span class='ocrx_word' id='word_1_157' title='bbox 1297 2302 1429 2365; x_wconf 82' lang='lat' dir='ltr'><strong>confec-</strong></span> 
     </span>
    </p>
   </div>
   <div class='ocr_carea' id='block_1_4' title="bbox 326 2403 1547 2587">
    <p class='ocr_par' dir='ltr' id='par_1_4' title="bbox 326 2403 1547 2587">
     <span class='ocr_line' id='line_1_19' title="bbox 326 2403 1547 2492; baseline -0.002 -24"><span class='ocrx_word' id='word_1_158' title='bbox 326 2403 445 2468; x_wconf 88' lang='lat' dir='ltr'><strong>tionem</strong></span> <span class='ocrx_word' id='word_1_159' title='bbox 465 2403 649 2490; x_wconf 87' lang='lat' dir='ltr'><strong>superlinies</strong></span> <span class='ocrx_word' id='word_1_160' title='bbox 664 2404 804 2490; x_wconf 77' lang='lat' dir='ltr'><strong>spissim,</strong></span> <span class='ocrx_word' id='word_1_161' title='bbox 826 2417 859 2470; x_wconf 94' lang='lat' dir='ltr'><strong>et</strong></span> <span class='ocrx_word' id='word_1_162' title='bbox 873 2406 918 2470; x_wconf 91' lang='lat' dir='ltr'><strong>sic</strong></span> <span class='ocrx_word' id='word_1_163' title='bbox 934 2405 1062 2470; x_wconf 81' lang='lat' dir='ltr'><strong>iuferius</strong></span> <span class='ocrx_word' id='word_1_164' title='bbox 1077 2414 1110 2469; x_wconf 89' lang='lat' dir='ltr'><strong>et</strong></span> <span class='ocrx_word' id='word_1_165' title='bbox 1124 2405 1267 2492; x_wconf 86' lang='lat' dir='ltr'><strong>superius</strong></span> <span class='ocrx_word' id='word_1_166' title='bbox 1287 2403 1431 2468; x_wconf 84' lang='lat' dir='ltr'><strong>admotis</strong></span> <span class='ocrx_word' id='word_1_167' title='bbox 1546 2461 1547 2466; x_wconf 73' lang='grc'>,</span> 
     </span>
     <span class='ocr_line' id='line_1_20' title="bbox 326 2505 1547 2587; baseline -0.001 -15"><span class='ocrx_word' id='word_1_168' title='bbox 326 2507 520 2572; x_wconf 87' lang='lat' dir='ltr'><strong>carbonibus</strong></span> <span class='ocrx_word' id='word_1_169' title='bbox 540 2505 651 2570; x_wconf 87' lang='lat' dir='ltr'><strong>leniter</strong></span> <span class='ocrx_word' id='word_1_170' title='bbox 670 2505 772 2587; x_wconf 83' lang='lat' dir='ltr'><strong>flebis,</strong></span> <span class='ocrx_word' id='word_1_171' title='bbox 788 2507 893 2572; x_wconf 90' lang='lat' dir='ltr'><strong>donec</strong></span> <span class='ocrx_word' id='word_1_172' title='bbox 908 2507 1018 2572; x_wconf 87' lang='lat' dir='ltr'><strong>videas</strong></span> <span class='ocrx_word' id='word_1_173' title='bbox 1037 2509 1242 2572; x_wconf 89' lang='lat' dir='ltr'><strong>solidaturam</strong></span> <span class='ocrx_word' id='word_1_174' title='bbox 1264 2507 1429 2571; x_wconf 88' lang='lat' dir='ltr'><strong>deffluere.</strong></span> <span class='ocrx_word' id='word_1_175' title='bbox 1546 2539 1547 2554; x_wconf 50' lang='lat' dir='ltr'><strong>r</strong></span> 
     </span>
    </p>
   </div>
   <div class='ocr_carea' id='block_1_5' title="bbox 328 2608 1441 4030">
    <p class='ocr_par' dir='ltr' id='par_1_5' title="bbox 328 2608 1441 4030">
     <span class='ocr_line' id='line_1_21' title="bbox 329 2608 1430 2697; baseline -0.002 -23"><span class='ocrx_word' id='word_1_176' title='bbox 329 2609 426 2686; x_wconf 92' lang='lat' dir='ltr'><strong>Quod</strong></span> <span class='ocrx_word' id='word_1_177' title='bbox 448 2610 558 2675; x_wconf 88' lang='lat' dir='ltr'><strong>videns</strong></span> <span class='ocrx_word' id='word_1_178' title='bbox 573 2609 681 2674; x_wconf 87' lang='lat' dir='ltr'><strong>statim</strong></span> <span class='ocrx_word' id='word_1_179' title='bbox 697 2631 831 2696; x_wconf 85' lang='lat' dir='ltr'><strong>asperge</strong></span> <span class='ocrx_word' id='word_1_180' title='bbox 846 2609 958 2674; x_wconf 90' lang='lat' dir='ltr'><strong>leniter</strong></span> <span class='ocrx_word' id='word_1_181' title='bbox 971 2610 1066 2697; x_wconf 73' lang='lat' dir='ltr'><strong>aqna,</strong></span> <span class='ocrx_word' id='word_1_182' title='bbox 1089 2610 1163 2674; x_wconf 88' lang='lat' dir='ltr'><strong>etsi</strong></span> <span class='ocrx_word' id='word_1_183' title='bbox 1179 2611 1305 2674; x_wconf 87' lang='lat' dir='ltr'><strong>firmum</strong></span> <span class='ocrx_word' id='word_1_184' title='bbox 1323 2608 1430 2688; x_wconf 86' lang='lat' dir='ltr'><strong>fuerit,</strong></span> 
     </span>
     <span class='ocr_line' id='line_1_22' title="bbox 328 2712 1431 2800; baseline 0 -24"><span class='ocrx_word' id='word_1_185' title='bbox 328 2713 427 2793; x_wconf 90' lang='lat' dir='ltr'><strong>bene;</strong></span> <span class='ocrx_word' id='word_1_186' title='bbox 457 2713 507 2778; x_wconf 91' lang='lat' dir='ltr'><strong>sin</strong></span> <span class='ocrx_word' id='word_1_187' title='bbox 533 2724 650 2792; x_wconf 88' lang='lat' dir='ltr'><strong>autem,</strong></span> <span class='ocrx_word' id='word_1_188' title='bbox 680 2713 787 2777; x_wconf 91' lang='lat' dir='ltr'><strong>denuo</strong></span> <span class='ocrx_word' id='word_1_189' title='bbox 817 2712 959 2776; x_wconf 88' lang='lat' dir='ltr'><strong>similiter</strong></span> <span class='ocrx_word' id='word_1_190' title='bbox 987 2713 1039 2776; x_wconf 82' lang='lat' dir='ltr'><strong>fao</strong></span> <span class='ocrx_word' id='word_1_191' title='bbox 1064 2735 1165 2800; x_wconf 88' lang='lat' dir='ltr'><strong>usque</strong></span> <span class='ocrx_word' id='word_1_192' title='bbox 1194 2713 1271 2776; x_wconf 89' lang='lat' dir='ltr'><strong>dum</strong></span> <span class='ocrx_word' id='word_1_193' title='bbox 1299 2714 1431 2776; x_wconf 89' lang='lat' dir='ltr'><strong>firmum</strong></span> 
     </span>
     <span class='ocr_line' id='line_1_23' title="bbox 329 2814 1433 2901; baseline 0 -21"><span class='ocrx_word' id='word_1_194' title='bbox 329 2817 432 2880; x_wconf 83' lang='lat' dir='ltr'><strong>fucrit.</strong></span> <span class='ocrx_word' id='word_1_195' title='bbox 477 2815 511 2878; x_wconf 80' lang='lat' dir='ltr'><strong>si</strong></span> <span class='ocrx_word' id='word_1_196' title='bbox 529 2827 635 2880; x_wconf 86' lang='lat' dir='ltr'><strong>autem</strong></span> <span class='ocrx_word' id='word_1_197' title='bbox 658 2815 797 2881; x_wconf 85' lang='lat' dir='ltr'><strong>sructura</strong></span> <span class='ocrx_word' id='word_1_198' title='bbox 818 2816 881 2879; x_wconf 88' lang='lat' dir='ltr'><strong>lata</strong></span> <span class='ocrx_word' id='word_1_199' title='bbox 902 2814 1007 2894; x_wconf 85' lang='lat' dir='ltr'><strong>suerit,</strong></span> <span class='ocrx_word' id='word_1_200' title='bbox 1029 2814 1196 2901; x_wconf 87' lang='lat' dir='ltr'><strong>diligenter</strong></span> <span class='ocrx_word' id='word_1_201' title='bbox 1217 2816 1381 2901; x_wconf 85' lang='lat' dir='ltr'><strong>conjunge</strong></span> <span class='ocrx_word' id='word_1_202' title='bbox 1403 2817 1433 2880; x_wconf 87' lang='lat' dir='ltr'><strong>ei</strong></span> 
     </span>
     <span class='ocr_line' id='line_1_24' title="bbox 329 2917 1432 3006; baseline 0.001 -25"><span class='ocrx_word' id='word_1_203' title='bbox 329 2919 516 3004; x_wconf 85' lang='lat' dir='ltr'><strong>particulam</strong></span> <span class='ocrx_word' id='word_1_204' title='bbox 538 2919 680 3003; x_wconf 88' lang='lat' dir='ltr'><strong>ejusdem</strong></span> <span class='ocrx_word' id='word_1_205' title='bbox 700 2919 767 2983; x_wconf 88' lang='lat' dir='ltr'><strong>auri</strong></span> <span class='ocrx_word' id='word_1_206' title='bbox 783 2919 832 2982; x_wconf 85' lang='lat' dir='ltr'><strong>vel</strong></span> <span class='ocrx_word' id='word_1_207' title='bbox 854 2917 977 3004; x_wconf 90' lang='lat' dir='ltr'><strong>argenti</strong></span> <span class='ocrx_word' id='word_1_208' title='bbox 996 2917 1157 3006; x_wconf 70' lang='lat' dir='ltr'><strong>equaliter</strong></span> <span class='ocrx_word' id='word_1_209' title='bbox 1175 2927 1314 2994; x_wconf 87' lang='lat' dir='ltr'><strong>tenuem,</strong></span> <span class='ocrx_word' id='word_1_210' title='bbox 1331 2939 1432 3003; x_wconf 87' lang='lat' dir='ltr'><strong>quam</strong></span> 
     </span>
     <span class='ocr_line' id='line_1_25' title="bbox 330 3017 1433 3107; baseline -0.001 -22"><span class='ocrx_word' id='word_1_211' title='bbox 330 3021 422 3085; x_wconf 89' lang='lat' dir='ltr'><strong>simili</strong></span> <span class='ocrx_word' id='word_1_212' title='bbox 432 3020 528 3084; x_wconf 92' lang='lat' dir='ltr'><strong>modo</strong></span> <span class='ocrx_word' id='word_1_213' title='bbox 539 3021 702 3101; x_wconf 87' lang='lat' dir='ltr'><strong>solidabis,</strong></span> <span class='ocrx_word' id='word_1_214' title='bbox 711 3023 814 3086; x_wconf 88' lang='lat' dir='ltr'><strong>donec</strong></span> <span class='ocrx_word' id='word_1_215' title='bbox 824 3043 864 3086; x_wconf 85' lang='lat' dir='ltr'><strong>ex</strong></span> <span class='ocrx_word' id='word_1_216' title='bbox 877 3021 963 3085; x_wconf 89' lang='lat' dir='ltr'><strong>omni</strong></span> <span class='ocrx_word' id='word_1_217' title='bbox 975 3031 1063 3107; x_wconf 88' lang='lat' dir='ltr'><strong>parte</strong></span> <span class='ocrx_word' id='word_1_218' title='bbox 1075 3019 1243 3085; x_wconf 74' lang='lat' dir='ltr'><strong>adhereat</strong></span> <span class='ocrx_word' id='word_1_219' title='bbox 1280 3017 1433 3107; x_wconf 86' lang='lat' dir='ltr'><strong>Cumque</strong></span> 
     </span>
     <span class='ocr_line' id='line_1_26' title="bbox 330 3121 1433 3211; baseline -0.002 -24"><span class='ocrx_word' id='word_1_220' title='bbox 330 3124 490 3188; x_wconf 85' lang='lat' dir='ltr'><strong>elevatura</strong></span> <span class='ocrx_word' id='word_1_221' title='bbox 503 3123 678 3210; x_wconf 81' lang='lat' dir='ltr'><strong>imaginum</strong></span> <span class='ocrx_word' id='word_1_222' title='bbox 699 3123 852 3211; x_wconf 89' lang='lat' dir='ltr'><strong>perducta</strong></span> <span class='ocrx_word' id='word_1_223' title='bbox 866 3123 960 3188; x_wconf 87' lang='lat' dir='ltr'><strong>fuerit</strong></span> <span class='ocrx_word' id='word_1_224' title='bbox 979 3145 1079 3210; x_wconf 90' lang='lat' dir='ltr'><strong>usque</strong></span> <span class='ocrx_word' id='word_1_225' title='bbox 1094 3122 1136 3186; x_wconf 91' lang='lat' dir='ltr'><strong>ad</strong></span> <span class='ocrx_word' id='word_1_226' title='bbox 1151 3121 1282 3187; x_wconf 87' lang='lat' dir='ltr'><strong>subtiles</strong></span> <span class='ocrx_word' id='word_1_227' title='bbox 1296 3132 1433 3202; x_wconf 86' lang='lat' dir='ltr'><strong>tractus,</strong></span> 
     </span>
     <span class='ocr_line' id='line_1_27' title="bbox 330 3225 1434 3312; baseline -0.001 -21"><span class='ocrx_word' id='word_1_228' title='bbox 330 3227 357 3292; x_wconf 90' lang='lat' dir='ltr'><strong>si</strong></span> <span class='ocrx_word' id='word_1_229' title='bbox 371 3248 483 3291; x_wconf 91' lang='lat' dir='ltr'><strong>aurum</strong></span> <span class='ocrx_word' id='word_1_230' title='bbox 505 3226 608 3306; x_wconf 86' lang='lat' dir='ltr'><strong>fuerit,</strong></span> <span class='ocrx_word' id='word_1_231' title='bbox 630 3229 738 3292; x_wconf 87' lang='lat' dir='ltr'><strong>statim</strong></span> <span class='ocrx_word' id='word_1_232' title='bbox 760 3226 858 3290; x_wconf 86' lang='lat' dir='ltr'><strong>facies</strong></span> <span class='ocrx_word' id='word_1_233' title='bbox 880 3247 935 3290; x_wconf 89' lang='lat' dir='ltr'><strong>eos</strong></span> <span class='ocrx_word' id='word_1_234' title='bbox 958 3234 991 3290; x_wconf 92' lang='lat' dir='ltr'><strong>et</strong></span> <span class='ocrx_word' id='word_1_235' title='bbox 1012 3226 1111 3312; x_wconf 92' lang='lat' dir='ltr'><strong>polies</strong></span> <span class='ocrx_word' id='word_1_236' title='bbox 1133 3225 1310 3311; x_wconf 85' lang='lat' dir='ltr'><strong>diligenter,</strong></span> <span class='ocrx_word' id='word_1_237' title='bbox 1333 3233 1434 3311; x_wconf 88' lang='lat' dir='ltr'><strong>atque</strong></span> 
     </span>
     <span class='ocr_line' id='line_1_28' title="bbox 331 3327 1434 3414; baseline -0.004 -18"><span class='ocrx_word' id='word_1_238' title='bbox 331 3331 488 3396; x_wconf 89' lang='lat' dir='ltr'><strong>colorabis</strong></span> <span class='ocrx_word' id='word_1_239' title='bbox 499 3353 572 3396; x_wconf 90' lang='lat' dir='ltr'><strong>cum</strong></span> <span class='ocrx_word' id='word_1_240' title='bbox 587 3339 765 3396; x_wconf 87' lang='lat' dir='ltr'><strong>atramento</strong></span> <span class='ocrx_word' id='word_1_241' title='bbox 776 3349 878 3414; x_wconf 85' lang='lat' dir='ltr'><strong>usque</strong></span> <span class='ocrx_word' id='word_1_242' title='bbox 892 3327 935 3391; x_wconf 90' lang='lat' dir='ltr'><strong>ad</strong></span> <span class='ocrx_word' id='word_1_243' title='bbox 950 3327 1098 3392; x_wconf 86' lang='lat' dir='ltr'><strong>ruborem</strong></span> <span class='ocrx_word' id='word_1_244' title='bbox 1113 3327 1291 3405; x_wconf 88' lang='lat' dir='ltr'><strong>combusto,</strong></span> <span class='ocrx_word' id='word_1_245' title='bbox 1303 3337 1337 3390; x_wconf 91' lang='lat' dir='ltr'><strong>et</strong></span> <span class='ocrx_word' id='word_1_246' title='bbox 1352 3330 1434 3408; x_wconf 84' lang='lat' dir='ltr'><strong>sale,</strong></span> 
     </span>
     <span class='ocr_line' id='line_1_29' title="bbox 331 3428 1436 3520; baseline -0.001 -23"><span class='ocrx_word' id='word_1_247' title='bbox 331 3445 368 3497; x_wconf 94' lang='lat' dir='ltr'><strong>ut</strong></span> <span class='ocrx_word' id='word_1_248' title='bbox 382 3455 477 3518; x_wconf 88' lang='lat' dir='ltr'><strong>supra</strong></span> <span class='ocrx_word' id='word_1_249' title='bbox 497 3433 641 3520; x_wconf 89' lang='lat' dir='ltr'><strong>inopere</strong></span> <span class='ocrx_word' id='word_1_250' title='bbox 663 3433 780 3498; x_wconf 85' lang='lat' dir='ltr'><strong>calicis.</strong></span> <span class='ocrx_word' id='word_1_251' title='bbox 825 3429 859 3494; x_wconf 91' lang='lat' dir='ltr'><strong>Si</strong></span> <span class='ocrx_word' id='word_1_252' title='bbox 875 3451 950 3494; x_wconf 92' lang='lat' dir='ltr'><strong>vero</strong></span> <span class='ocrx_word' id='word_1_253' title='bbox 973 3439 1123 3515; x_wconf 87' lang='lat' dir='ltr'><strong>argentea</strong></span> <span class='ocrx_word' id='word_1_254' title='bbox 1141 3429 1235 3493; x_wconf 85' lang='lat' dir='ltr'><strong>fuerit</strong></span> <span class='ocrx_word' id='word_1_255' title='bbox 1255 3428 1377 3510; x_wconf 86' lang='lat' dir='ltr'><strong>tabula,</strong></span> <span class='ocrx_word' id='word_1_256' title='bbox 1402 3443 1436 3496; x_wconf 90' lang='lat' dir='ltr'><strong>et</strong></span> 
     </span>
     <span class='ocr_line' id='line_1_30' title="bbox 332 3531 1435 3621; baseline -0.002 -23"><span class='ocrx_word' id='word_1_257' title='bbox 332 3534 469 3598; x_wconf 87' lang='lat' dir='ltr'><strong>volueris</strong></span> <span class='ocrx_word' id='word_1_258' title='bbox 483 3535 516 3598; x_wconf 91' lang='lat' dir='ltr'><strong>in</strong></span> <span class='ocrx_word' id='word_1_259' title='bbox 530 3535 607 3621; x_wconf 90' lang='lat' dir='ltr'><strong>ipsis</strong></span> <span class='ocrx_word' id='word_1_260' title='bbox 616 3534 807 3621; x_wconf 88' lang='lat' dir='ltr'><strong>imaginibus</strong></span> <span class='ocrx_word' id='word_1_261' title='bbox 823 3533 975 3598; x_wconf 81' lang='lat' dir='ltr'><strong>deaurare</strong></span> <span class='ocrx_word' id='word_1_262' title='bbox 990 3553 1134 3610; x_wconf 88' lang='lat' dir='ltr'><strong>coronas,</strong></span> <span class='ocrx_word' id='word_1_263' title='bbox 1146 3532 1288 3617; x_wconf 86' lang='lat' dir='ltr'><strong>capillos,</strong></span> <span class='ocrx_word' id='word_1_264' title='bbox 1300 3531 1435 3612; x_wconf 87' lang='lat' dir='ltr'><strong>barbas,</strong></span> 
     </span>
     <span class='ocr_line' id='line_1_31' title="bbox 333 3633 1436 3722; baseline 0 -22"><span class='ocrx_word' id='word_1_265' title='bbox 333 3647 366 3700; x_wconf 91' lang='lat' dir='ltr'><strong>et</strong></span> <span class='ocrx_word' id='word_1_266' title='bbox 380 3645 487 3722; x_wconf 86' lang='lat' dir='ltr'><strong>partes</strong></span> <span class='ocrx_word' id='word_1_267' title='bbox 508 3635 778 3715; x_wconf 88' lang='lat' dir='ltr'><strong>vestimentorum,</strong></span> <span class='ocrx_word' id='word_1_268' title='bbox 801 3635 863 3700; x_wconf 91' lang='lat' dir='ltr'><strong>hoc</strong></span> <span class='ocrx_word' id='word_1_269' title='bbox 883 3643 1009 3720; x_wconf 90' lang='lat' dir='ltr'><strong>oportet</strong></span> <span class='ocrx_word' id='word_1_270' title='bbox 1022 3634 1089 3698; x_wconf 88' lang='lat' dir='ltr'><strong>fieri</strong></span> <span class='ocrx_word' id='word_1_271' title='bbox 1107 3633 1337 3720; x_wconf 82' lang='lat' dir='ltr'><strong>prius-quam</strong></span> <span class='ocrx_word' id='word_1_272' title='bbox 1357 3636 1436 3700; x_wconf 91' lang='lat' dir='ltr'><strong>sub-</strong></span> 
     </span>
     <span class='ocr_line' id='line_1_32' title="bbox 333 3737 1437 3824; baseline 0.002 -24"><span class='ocrx_word' id='word_1_273' title='bbox 333 3737 402 3802; x_wconf 90' lang='lat' dir='ltr'><strong>tiles</strong></span> <span class='ocrx_word' id='word_1_274' title='bbox 420 3747 538 3801; x_wconf 85' lang='lat' dir='ltr'><strong>tractus</strong></span> <span class='ocrx_word' id='word_1_275' title='bbox 560 3739 649 3817; x_wconf 85' lang='lat' dir='ltr'><strong>liant,</strong></span> <span class='ocrx_word' id='word_1_276' title='bbox 671 3738 731 3802; x_wconf 90' lang='lat' dir='ltr'><strong>hoc</strong></span> <span class='ocrx_word' id='word_1_277' title='bbox 748 3737 854 3802; x_wconf 88' lang='lat' dir='ltr'><strong>modo.</strong></span> <span class='ocrx_word' id='word_1_278' title='bbox 900 3737 1067 3823; x_wconf 90' lang='lat' dir='ltr'><strong>Compoue</strong></span> <span class='ocrx_word' id='word_1_279' title='bbox 1088 3737 1168 3800; x_wconf 89' lang='lat' dir='ltr'><strong>duas</strong></span> <span class='ocrx_word' id='word_1_280' title='bbox 1186 3747 1292 3822; x_wconf 88' lang='lat' dir='ltr'><strong>partes</strong></span> <span class='ocrx_word' id='word_1_281' title='bbox 1312 3737 1437 3824; x_wconf 70' lang='lat' dir='ltr'><strong>argilla</strong></span> 
     </span>
     <span class='ocr_line' id='line_1_33' title="bbox 334 3838 1438 3926; baseline 0 -22"><span class='ocrx_word' id='word_1_282' title='bbox 334 3841 501 3926; x_wconf 88' lang='lat' dir='ltr'><strong>simplices,</strong></span> <span class='ocrx_word' id='word_1_283' title='bbox 524 3841 677 3905; x_wconf 87' lang='lat' dir='ltr'><strong>subtiliter</strong></span> <span class='ocrx_word' id='word_1_284' title='bbox 693 3841 783 3920; x_wconf 82' lang='lat' dir='ltr'><strong>tritae,</strong></span> <span class='ocrx_word' id='word_1_285' title='bbox 806 3849 838 3904; x_wconf 87' lang='lat' dir='ltr'><strong>et</strong></span> <span class='ocrx_word' id='word_1_286' title='bbox 853 3841 978 3905; x_wconf 82' lang='lat' dir='ltr'><strong>tertiam</strong></span> <span class='ocrx_word' id='word_1_287' title='bbox 993 3840 1079 3919; x_wconf 88' lang='lat' dir='ltr'><strong>salis,</strong></span> <span class='ocrx_word' id='word_1_288' title='bbox 1101 3849 1133 3902; x_wconf 88' lang='lat' dir='ltr'><strong>et</strong></span> <span class='ocrx_word' id='word_1_289' title='bbox 1148 3838 1179 3902; x_wconf 90' lang='lat' dir='ltr'><strong>in</strong></span> <span class='ocrx_word' id='word_1_290' title='bbox 1196 3839 1327 3902; x_wconf 87' lang='lat' dir='ltr'><strong>vasculo</strong></span> <span class='ocrx_word' id='word_1_291' title='bbox 1343 3861 1438 3904; x_wconf 86' lang='lat' dir='ltr'><strong>com·</strong></span> 
     </span>
     <span class='ocr_line' id='line_1_34' title="bbox 335 3939 1441 4030; baseline 0 -21"><span class='ocrx_word' id='word_1_292' title='bbox 335 3945 431 4010; x_wconf 88' lang='lat' dir='ltr'><strong>misce</strong></span> <span class='ocrx_word' id='word_1_293' title='bbox 455 3967 527 4010; x_wconf 88' lang='lat' dir='ltr'><strong>curu</strong></span> <span class='ocrx_word' id='word_1_294' title='bbox 544 3945 610 4010; x_wconf 84' lang='lat' dir='ltr'><strong>fece</strong></span> <span class='ocrx_word' id='word_1_295' title='bbox 632 3945 772 4010; x_wconf 80' lang='lat' dir='ltr'><strong>ccrvisioe</strong></span> <span class='ocrx_word' id='word_1_296' title='bbox 792 3943 990 4009; x_wconf 86' lang='lat' dir='ltr'><strong>mediocriter</strong></span> <span class='ocrx_word' id='word_1_297' title='bbox 1008 3943 1129 4030; x_wconf 85' lang='lat' dir='ltr'><strong>spissae,</strong></span> <span class='ocrx_word' id='word_1_298' title='bbox 1151 3939 1216 4028; x_wconf 77' lang='lat' dir='ltr'><strong>quir</strong></span> <span class='ocrx_word' id='word_1_299' title='bbox 1231 3941 1441 4009; x_wconf 83' lang='lat' dir='ltr'><strong>confectione</strong></span> 
     </span>
    </p>
   </div>
   <div class='ocr_carea' id='block_1_6' title="bbox 0 0 1600 5152">
    <p class='ocr_par' dir='ltr' id='par_1_6' title="bbox 0 0 1600 5152">
     <span class='ocr_line' id='line_1_35' title="bbox 0 0 1600 5152; baseline 0 0"><span class='ocrx_word' id='word_1_300' title='bbox 0 0 1600 5152; x_wconf 95' lang='lat' dir='ltr'><strong> </strong></span> 
     </span>
    </p>
   </div>
  </div>
 </body>
</html>
