3140 5152
320 497 384 560 ³44
672 517 860 562 rurorurtr
885 519 985 562 ιιιιιιιι
1007 517 1058 562 ιιι.

322 677 458 746 manat,
479 669 581 732 donec
603 670 733 734 omnino
759 670 858 734 oculis
880 670 1019 756 gratiosa
1042 670 1092 748 sit,
1110 671 1199 758 qnasi
1221 677 1344 734 tornato
1364 669 1417 734 sit

324 769 449 838 Deinde
463 771 579 836 educto
590 773 672 836 lerro
686 772 875 858 percutiatur
885 772 954 858 ipsa
969 771 1073 836 fistula
1085 793 1158 834 cum
1170 769 1282 834 malleo
1294 769 1416 834 medio-
1550 797 1552 842 f

321 873 413 938 criter
422 875 517 962 juxta
532 873 674 938 toramen
690 875 818 938 inferius
833 884 866 938 et
880 873 1032 960 superius,
1052 873 1096 938 ita
1111 885 1148 937 ut
1163 895 1242 960 pena
1256 895 1358 960 usque
1372 873 1416 936 od

323 976 461 1040 medium
482 975 656 1040 descendat
669 977 738 1062 ipsa
759 976 934 1041 rotunditas
956 977 1059 1062 spatio
1074 976 1207 1041 duorum
1223 975 1416 1068 digitomm;

322 1077 442 1166 fiatque
454 1079 607 1166 plectrum
619 1101 659 1143 nx
670 1101 769 1166 cupro
780 1079 1012 1166 aliquantulum
1023 1079 1172 1164 spissiori,
1184 1079 1273 1165 qrrasi
1283 1077 1419 1141 dimidia

322 1181 433 1260 rotula,
450 1191 483 1245 et
496 1189 750 1268 superstagnetur
764 1182 848 1248 circa
863 1181 1086 1246 rotunditatem
1103 1181 1185 1246 sicut
1199 1181 1305 1244 fistrda
1319 1201 1417 1264 supe

323 1283 397 1363 rius,
417 1283 526 1371 sicque
541 1293 679 1370 ponatur
693 1283 725 1346 in
741 1283 877 1348 interiori
894 1293 982 1369 parte
998 1283 1171 1362 foraminis,
1192 1293 1228 1348 ut
1242 1284 1301 1348 sub
1316 1282 1418 1368 ipsius

323 1407 379 1450 ora
394 1385 556 1472 equaliter
570 1395 641 1464 stet,
665 1407 723 1449 nec
745 1384 897 1472 procedat
918 1385 1046 1450 inferius
1066 1395 1122 1450 aut
1145 1385 1297 1472 superius.
1345 1383 1417 1447 Ha·

323 1487 398 1552 beat
411 1511 538 1575 quoque
553 1487 669 1552 ferrum
686 1487 904 1552 solidatorium
915 1487 1057 1574 ejusdem
1072 1487 1243 1552 latinrdinis
1258 1497 1291 1551 et
1304 1496 1418 1551 rotun-

321 1591 438 1670 ditatis,
460 1612 524 1678 qua
539 1591 692 1678 plectrum
707 1601 764 1654 est.
810 1589 885 1666 Quo
899 1589 1053 1654 calefacto
1074 1599 1172 1678 ponat
1187 1590 1328 1654 modicas
1343 1612 1419 1677 par·

323 1693 434 1757 ticulas
449 1693 553 1780 stagni
580 1714 673 1779 super
688 1693 851 1778 plectrum,
876 1714 1048 1780 parumque
1064 1694 1185 1771 resinae,
1203 1703 1235 1757 et
1249 1693 1419 1778 diligenter

321 1795 537 1861 circumducat
551 1797 688 1860 calidum
704 1795 819 1861 ferrum
836 1819 875 1861 ne
891 1797 1042 1882 plectrum
1060 1806 1232 1874 moveatur,
1246 1797 1300 1860 sed
1315 1797 1419 1883 lique·

322 1899 406 1964 facto
429 1909 543 1984 stngno
558 1899 603 1962 sic
618 1898 778 1963 adhaereat
795 1909 829 1963 ut
842 1899 875 1963 in
890 1898 1021 1962 circuitu
1039 1899 1106 1985 ejus
1122 1898 1217 1962 nichil
1238 1900 1419 1985 spiraminis

321 2011 423 2079 exeat,
447 2001 505 2064 nisi
520 2010 642 2064 tanturn
659 2001 858 2088 insuperiori
877 2001 1039 2066 foramine.
1085 2000 1161 2076 Quo
1176 2003 1261 2066 sacto
1275 2015 1420 2088 apponat

321 2105 367 2166 ori
383 2113 416 2167 et
428 2104 534 2168 sufflet
543 2103 678 2190 primum
690 2105 825 2184 modice,
837 2104 951 2168 deinde
962 2103 1106 2190 amplius,
1118 2103 1226 2190 sicque
1237 2102 1369 2182 fortiter,
1384 2117 1419 2168 et

322 2207 496 2270 secundum
518 2205 603 2293 quod
627 2207 735 2270 auditu
758 2206 917 2286 discernit,
938 2206 1086 2292 disponat
1108 2227 1228 2284 vocem,
1250 2215 1287 2270 ut
1303 2207 1329 2270 si
1344 2229 1418 2272 cam

322 2310 388 2374 vult
409 2331 478 2374 esse
501 2331 655 2396 grossam,
683 2310 824 2374 toramen
847 2310 904 2372 fiat
924 2309 1037 2386 latius;
1060 2309 1086 2370 si
1109 2329 1183 2373 vcro
1205 2308 1416 2395 graciliorum,

323 2413 379 2476 liat
400 2412 545 2478 strictius.
608 2412 679 2477 Hoc
701 2412 811 2476 ordine
841 2432 951 2476 omnes
974 2411 1087 2476 listulas
1109 2413 1204 2492 liant;
1237 2433 1417 2477 mensuram
1551 2453 1552 2476 ι

323 2537 397 2582 vero
419 2517 625 2602 singularum,
648 2515 805 2602 eplectrn
827 2512 981 2598 superius,
1003 2513 1176 2578 secundum
1199 2515 1418 2601 magisterium

321 2619 462 2684 lectionis
479 2619 614 2698 saciata
629 2619 748 2703 plectro
760 2626 866 2680 autem
878 2615 1017 2694 inferius,
1029 2637 1140 2681 omnes
1154 2616 1247 2680 unius
1263 2639 1419 2682 mensum

322 2731 353 2786 at
368 2723 510 2812 ejusdem
526 2718 744 2808 grossitudinis
760 2727 860 2782 erunt.

632 3091 825 3100 .—---——

583 3367 815 3464 OAPUT
874 3365 1151 3463 LXXXII.

674 3621 719 3664 DE
744 3623 840 3666 DOMO
863 3622 1072 3666 onununnls.

326 3814 543 3974 DOMUS
560 3837 633 3879 vero
649 3815 788 3880 facturus
804 3837 1009 3902 superquam
1024 3813 1200 3880 stamendrs
1214 3813 1278 3878 sint
1292 3815 1420 3896 listulae,

441 3919 514 3984 vide
537 3927 639 3982 utrum
655 3918 789 3982 volueris
811 3939 880 3982 eam
896 3917 1032 4004 ligneam
1054 3915 1171 3980 hebere
1188 3927 1243 3981 aut
1257 3937 1419 4002 cupream.

323 4027 356 4093 Si
371 4026 519 4112 ligneam,
535 4021 660 4108 acquire
676 4020 731 4084 tibi
743 4019 806 4084 duo
821 4019 908 4106 ligna
923 4019 963 4084 de
978 4021 1117 4107 platano,
1133 4018 1224 4084 valde
1239 4019 1334 4097 sicca,
1349 4019 1422 4082 lon-

321 4127 463 4218 gitudine
484 4124 619 4188 duorum
642 4123 756 4208 pedum
775 4133 807 4186 et
824 4121 957 4201 dimidii,
978 4132 1010 4186 et
1032 4121 1195 4185 latitudine
1210 4121 1334 4186 modice
1349 4143 1422 4186 am·

321 4233 403 4320 plius
416 4249 514 4316 quam
529 4225 631 4302 unius,
652 4245 749 4286 unum
771 4233 916 4310 quatuor,
932 4224 1064 4288 alterum
1079 4224 1203 4289 duobus
1217 4223 1324 4310 digitis
1338 4225 1423 4310 spis·

322 4355 402 4413 sum,
418 4353 489 4420 qum
510 4351 574 4393 non
596 4325 659 4390 sint
681 4325 804 4390 nodosa
826 4325 881 4390 scd
904 4348 991 4411 pura.
1038 4323 1163 4400 Quibus
1178 4326 1422 4413 diligentissime

321 4436 380 4500 sibi
396 4431 585 4518 conjunctis,
609 4431 640 4493 in
662 4428 799 4492 inferiori
823 4437 910 4514 parte
928 4427 1085 4514 spissioris
1100 4427 1177 4514 ligni
1193 4430 1249 4491 fiat
1264 4429 1298 4492 in
1313 4428 1421 4492 medio
