3236 5144
278 497 343 562 224
634 517 824 560 rasorium
850 518 951 561 tinen
975 518 1026 560 ιιι.

276 667 478 734 luerintcum
504 668 660 746 malleolo,
677 669 742 732 sive
769 691 841 732 cum
857 669 1003 734 incisorio
1030 669 1123 746 ferro,
1139 676 1195 730 aut
1217 688 1289 730 cum
1306 668 1373 730 cul-

171 850 175 858 ,
278 773 361 850 tello,
376 793 479 858 unges
493 791 548 835 eas
563 771 659 834 veteri
682 772 792 834 aruina
807 773 904 856 porci,
919 783 951 835 et
971 769 1184 834 circumdabis
1198 769 1373 855 corrigiolie

278 895 317 939 ex
344 874 465 938 hircino
491 875 576 939 corio
600 875 718 952 incisis,
734 874 910 961 ligabisque
933 876 988 938 filo
1014 875 1107 938 lineo.
1154 872 1303 938 Posthaec
1319 895 1373 936 co-

276 977 399 1063 operies
425 999 479 1041 eas
509 976 620 1063 argillh
644 977 803 1042 maceroth
828 977 1036 1063 singulariter,
1063 976 1244 1062 caudasque
1271 973 1373 1038 nudas

278 1079 427 1144 dimittes.
473 1079 619 1164 Cumque
634 1080 759 1144 siccate
775 1079 899 1158 fuerint,
915 1079 1022 1142 mittes
1038 1079 1202 1164 inignem,
1218 1086 1251 1140 et
1265 1076 1372 1139 suffla-

277 1182 327 1246 bis
338 1181 468 1258 fortiter,
483 1181 747 1268 combureturque
762 1181 893 1260 corium,
909 1191 1027 1245 etcum
1051 1179 1250 1244 festinatione
1266 1187 1373 1240 extra·

278 1283 358 1348 bens
372 1283 415 1347 ab
430 1283 542 1369 argilla
557 1284 733 1370 extingues,
745 1285 905 1370 {equaliter
920 1284 953 1346 in
965 1304 1059 1370 aqna,
1074 1290 1295 1367 extractasque
1310 1279 1372 1343 sic·

278 1385 366 1450 cabis
382 1386 423 1450 ad
439 1386 556 1472 iguem.

786 1674 844 1680 —-.
870 1671 1076 1680 ...„......---

625 1869 863 1967 CAPUT
927 1869 1032 1964 XX

583 2092 628 2134 DE
650 2092 931 2136 TEMPERAMEN'I'O
955 2092 1066 2134 uuum.

281 2239 471 2394 FERRI
502 2262 629 2328 quoque
660 2239 785 2304 fossorii
813 2249 1027 2325 temperantur
1049 2240 1111 2304 hoc
1137 2242 1246 2305 modo.
1290 2240 1373 2306 Cum

376 2345 475 2408 limati
497 2343 614 2410 fuerint
628 2352 660 2407 et
674 2343 738 2408 suis
761 2342 934 2407 manubriis
949 2343 1059 2428 aptati,
1075 2343 1240 2408 summitas
1263 2365 1372 2408 eorum

279 2446 413 2511 mittitur
427 2446 460 2509 in
475 2447 593 2533 ignem,
608 2454 640 2508 et
656 2466 730 2510 mox
746 2451 782 2510 ut
792 2446 923 2532 coeperit
938 2445 1136 2524 candescere,
1152 2446 1327 2510 extrahitur
1341 2455 1371 2507 et

279 2549 312 2612 in
328 2570 411 2637 aqua
425 2548 628 2635 extinguitur.

608 3057 837 3157 CAPUT
898 3061 1044 3157 XXL

673 3285 754 3328 l‘l'Eld
780 3285 825 3326 DE
849 3284 977 3328 EODEM.

281 3429 400 3583 FlT
426 3430 520 3495 etiam
545 3432 630 3494 aliud
653 3441 936 3518 temperamentum
961 3432 1233 3510 ferramentorum,
1257 3429 1372 3518 quibus
1451 3429 1454 3436 '

355 3533 469 3597 vitrum
499 3533 646 3597 inciditur
671 3543 703 3598 et
726 3535 883 3598 molliores
909 3533 1028 3620 lapides
1050 3534 1111 3597 hoc
1134 3534 1240 3596 modo.
1283 3531 1372 3596 Tolle

278 3635 400 3700 hircum
427 3634 593 3712 triennem,
608 3646 641 3698 et
661 3637 724 3721 liga
749 3657 821 3699 eum
837 3637 921 3698 intus
947 3636 1048 3700 tribus
1070 3635 1182 3700 diebus
1200 3636 1267 3698 siue
1290 3634 1371 3712 cibe,

277 3735 391 3824 quartd
405 3735 456 3799 die
471 3735 513 3800 da
528 3735 557 3799 ei
573 3737 687 3800 filicem
704 3737 868 3802 comedere
881 3748 913 3801 et
926 3738 1021 3802 nichil
1037 3738 1133 3802 aliud.
1179 3736 1283 3813 Quem
1299 3758 1371 3800 cum

277 3836 403 3900 duobus
431 3835 543 3900 diebus
574 3837 755 3915 comederit,
781 3838 924 3923 sequenti
952 3846 1047 3902 nocte
1077 3836 1218 3922 co-operi
1245 3857 1317 3899 enm
1340 3836 1372 3897 in

277 3939 364 4004 dolio
390 3937 519 4002 inferius
542 3937 711 4023 perforato,
727 3939 787 4004 sub
808 3939 925 4026 quibus
949 3939 1155 4004 foraminibus
1179 3959 1262 4024 pone
1287 3937 1371 4000 alind

277 4063 333 4106 vas
349 4042 517 4128 integrum,
534 4040 565 4102 in
587 4062 652 4127 quo
668 4041 798 4128 colligas
820 4042 941 4105 urinam
964 4043 1041 4128 ejus.
1087 4040 1161 4117 Qua
1176 4039 1301 4104 duabus
1322 4039 1372 4103 vel

277 4145 377 4209 tribus
392 4143 537 4208 noctibus
553 4143 609 4206 tali
632 4143 728 4206 modo
744 4143 935 4208 sufficienter
950 4145 1091 4223 collecta,
1107 4143 1215 4207 emitte
1238 4142 1371 4219 hircum,

275 4256 308 4312 et
322 4247 355 4311 in
370 4247 440 4333 ipsa
455 4245 544 4308 urina
559 4244 749 4308 ferramenta
767 4255 821 4308 tua
843 4255 993 4332 tempera.
1041 4245 1079 4310 lu
1095 4245 1185 4310 urina
1200 4245 1295 4308 etiam
1312 4245 1372 4308 ruli

276 4349 364 4436 pueri
379 4348 499 4435 parvuli
527 4357 740 4432 temperantur
764 4347 963 4426 ferramenta,
980 4348 1088 4411 durius
1111 4368 1206 4433 qunm
1231 4347 1263 4409 in
1289 4367 1372 4432 aqua

277 4451 423 4538 simplici.
