3236 5144
328 537 392 602 258
685 561 878 604 rasorium
903 561 1008 605 arasa
1031 561 1084 606 rrr.

327 711 477 796 nigellum
496 732 568 774 cum
589 711 688 774 saliva
708 713 922 776 madefactum
944 713 1113 800 diligenter
1134 734 1173 777 ac
1194 712 1357 799 aequaliter
1379 735 1437 798 per

327 811 446 890 omnia,
476 812 578 876 donec
615 823 734 876 tractus
763 836 876 878 omnes
909 825 1017 900 aperte
1047 816 1213 880 videantur
1243 825 1275 879 et
1302 816 1434 879 omnino

327 935 453 998 aequum
469 914 520 978 sit.
565 915 696 980 Habeas
718 917 814 980 etiam
836 919 957 1002 lignum
981 918 1021 982 de
1044 918 1157 983 arbore
1179 917 1256 995 tilia,
1279 917 1437 1002 grossitu-

328 1015 402 1078 dine
417 1025 450 1079 et
464 1017 662 1102 longitudine
678 1019 799 1082 minimi
814 1019 916 1105 digiti,
932 1020 1052 1086 siccum
1067 1031 1100 1084 et
1114 1019 1435 1106 aequaliterincisum3

328 1139 422 1202 super
443 1119 530 1205 quod
553 1141 653 1204 pones
676 1121 836 1206 pulverem
859 1121 946 1185 illum
969 1121 1147 1200 humidum,
1165 1121 1219 1209 qui
1235 1123 1379 1207 procedit
1392 1122 1435 1186 de

327 1219 433 1304 lapide
447 1231 480 1284 et
496 1221 597 1286 saliva
618 1223 651 1284 in
673 1222 830 1304 fricando,
846 1233 879 1286 et
900 1245 974 1287 cum
993 1224 1063 1310 ipso
1078 1225 1168 1310 ligno
1183 1245 1221 1288 ac
1236 1225 1349 1288 eodem
1360 1225 1435 1310 pul-

327 1345 401 1386 vere
422 1322 597 1387 diutissime
620 1324 748 1389 fricabis
770 1326 934 1410 nigellum,
956 1336 989 1390 et
1010 1326 1121 1390 leviter
1143 1347 1329 1413 semperque
1348 1324 1435 1388 adde

329 1425 461 1490 salivam
476 1435 512 1490 ut
531 1427 696 1490 humidum
715 1426 765 1506 sit,
780 1427 883 1491 donec
903 1429 1044 1492 lucidum
1061 1429 1118 1492 liat
1132 1451 1189 1514 per
1203 1429 1319 1492 omnia.
1365 1427 1436 1490 De-

328 1527 402 1591 inde
418 1529 493 1593 tolle
509 1551 618 1614 sepum
642 1529 682 1592 de
704 1529 859 1594 foramine
883 1531 1023 1595 auricula
1040 1541 1113 1611 ture,
1129 1541 1162 1596 et
1177 1553 1251 1595 eum
1266 1527 1435 1594 exterseris

329 1631 480 1716 nigellum
503 1631 588 1695 lineo
610 1653 718 1717 panno
742 1632 858 1712 subtili,
874 1655 930 1718 per
951 1634 1059 1698 omnia
1074 1633 1176 1713 linies,
1198 1640 1231 1696 et
1253 1653 1324 1696 eum
1345 1630 1434 1694 corio

329 1731 473 1817 hyrcino,
495 1732 561 1797 sive
583 1735 710 1799 cervino
737 1733 846 1798 leniter
872 1734 1011 1814 fricabis,
1037 1734 1140 1799 donec
1162 1733 1292 1798 omuino
1314 1733 1434 1796 clarum

331 1834 397 1896 fiat.

638 2445 878 2544 orrur
939 2445 1119 2542 xiii.
1220 2417 1228 2434 ’

634 2702 680 2746 DE
702 2703 841 2747 ORNATU
865 2701 962 2746 VASIS
985 2699 1129 2746 cataleta.

406 2883 480 2948 ALl
504 2885 600 2948 modo
623 2884 769 2947 auriculis
793 2885 924 2969 pleniter
946 2885 1103 2970 perfectis,
1119 2885 1227 2971 accipe
1243 2907 1300 2948 vas
1315 2885 1434 2965 calicis,

427 2987 516 3070 cujus
539 2997 644 3050 costas
668 2987 810 3070 superius
832 2986 1006 3072 denigrasti
1020 2987 1180 3066 dimidias,
1203 2997 1235 3050 et
1255 2986 1336 3064 illas,
1352 3009 1434 3073 quas

330 3087 413 3152 inter
427 3086 486 3150 has
501 3087 622 3173 absque
645 3087 761 3172 nigello
784 3088 948 3173 reliquisti,
971 3087 1045 3150 lima
1067 3088 1229 3175 acqualiter
1244 3097 1276 3152 et
1291 3087 1377 3166 rade,
1393 3109 1434 3151 ac

331 3188 476 3276 pertrahe
497 3188 529 3251 in
552 3189 597 3252 eis
620 3209 700 3274 opus
722 3188 938 3274 quodcunque
953 3187 1099 3266 volueris,
1122 3188 1167 3251 sic
1190 3195 1297 3252 tamen
1317 3194 1354 3250 ut
1374 3187 1433 3250 ali-

330 3293 518 3380 quantulum
540 3291 699 3376 discrepet
722 3291 764 3354 ab
786 3290 873 3354 omni
896 3311 991 3374 opere
1014 3289 1130 3376 nigelli,
1153 3299 1249 3376 atque
1271 3311 1343 3353 cum
1368 3288 1435 3353 fos·

331 3395 413 3459 sorio
436 3395 519 3458 ferro
541 3393 650 3480 gracili
674 3392 829 3457 subtiliter
853 3391 936 3455 fode.
984 3391 1065 3455 Post
1086 3391 1154 3455 haec
1177 3391 1344 3456 deaurabis
1366 3413 1433 3469 eas,

330 3507 495 3582 totumque
516 3519 571 3559 vas
593 3495 724 3558 interius
750 3505 782 3558 et
808 3493 944 3558 exterius
969 3501 1104 3579 excepto
1128 3494 1255 3580 nigello,
1278 3503 1310 3558 et
1332 3493 1433 3578 polies

330 3609 426 3685 atque
446 3597 601 3661 colorabis
622 3599 704 3661 sicut
719 3597 885 3660 auriculas.
933 3594 1058 3660 Deinde
1073 3597 1235 3680 cooperies
1252 3605 1284 3659 et
1297 3596 1434 3660 circum-

330 3699 443 3786 ligabis
458 3699 625 3762 rotundam
641 3699 788 3762 incudem
800 3720 872 3761 curn
886 3719 1077 3783 pergameno
1088 3695 1212 3784 aequali,
1229 3718 1431 3784 superquam

331 3825 431 3889 pones
445 3823 511 3880 vas,
527 3803 611 3887 quod
628 3811 735 3865 teneat
755 3822 831 3886 puer
851 3809 924 3864 ante
943 3809 974 3864 te
989 3801 1102 3864 sedens
1118 3799 1258 3886 utrisque
1274 3800 1432 3878 manibus,

331 3913 485 3990 coaptans
507 3925 762 3990 unamquamque
785 3913 906 3967 costam
933 3901 1039 3966 incudi
1062 3903 1233 3988 aequaliter,
1256 3903 1432 3966 secundum

270 4025 273 4031 '
332 4008 417 4096 quod
433 4007 462 4071 ei
479 4007 620 4092 jusseris.
668 4005 797 4069 Interim
816 4005 891 4068 tolle
909 4004 1023 4068 sermm
1043 4003 1170 4090 gracile,
1186 4003 1271 4090 quod
1288 4003 1432 4067 foramen

332 4112 430 4176 habet
454 4109 486 4173 in
512 4108 652 4194 cuspide,
682 4109 772 4192 cujus
803 4105 989 4190 percussuri
1014 4105 1255 4170 subtilissimum
1279 4105 1430 4169 circulum

332 4215 392 4292 fac,
415 4222 447 4276 et
468 4233 541 4276 cum
563 4211 616 4273 illo
638 4207 784 4294 implebis
807 4230 918 4272 omnes
940 4229 1071 4293 campos
1093 4207 1125 4270 in
1146 4206 1304 4272 deauratis
1323 4207 1432 4284 costis,

330 4317 465 4400 desuper
492 4333 565 4375 cum
589 4311 701 4374 malleo
724 4309 834 4374 leniter
857 4309 1071 4396 percutiendo,
1095 4318 1127 4374 et
1149 4330 1243 4396 opere
1267 4309 1432 4396 punctorio

332 4435 587 4501 unumquemque
605 4413 755 4478 circulum
777 4412 866 4476 alteri
886 4412 1054 4477 ordinatim
1076 4412 1310 4497 conjungendo.
1355 4410 1432 4486 Quo

330 4518 455 4604 expleto
479 4517 566 4580 mitte
582 4539 638 4580 vas
660 4538 754 4602 super
776 4516 941 4596 carbones,
956 4515 1061 4579 donec
1082 4513 1144 4576 illae
1167 4534 1360 4600 percussura.
1382 4513 1432 4576 in-

1505 4639 1575 4999 l
