3216 5138
381 1076 644 1162 INCIPIT
697 1077 907 1162 LIBER
960 1076 1322 1165 SECUNDUS.

700 1601 930 1697 CAPUT
1001 1603 1038 1698 I.

379 1837 425 1880 DE
447 1837 726 1884 cousunuc‘rtoun
749 1841 854 1884 sunm
879 1841 926 1884 AD
949 1841 1163 1886 OPERANDUM
1186 1841 1332 1887 VITRUM.

305 1985 381 2138 SI
405 1989 520 2052 sederit
543 1989 573 2054 in
601 1991 707 2056 animo
730 2003 764 2056 ut
784 1993 899 2056 vitrum
925 2015 1109 2078 compones,
1134 1995 1268 2080 primum
1296 1994 1400 2060 incide

384 2089 472 2176 ligna
494 2091 621 2178 faginea
643 2095 741 2157 multa
763 2103 795 2157 et
815 2095 940 2160 exsicca
962 2119 1010 2160 ea.
1057 2097 1182 2161 Deinde
1197 2097 1347 2161 combure
1362 2121 1401 2161 ea

305 2193 420 2280 pariter
445 2194 478 2257 in
502 2196 574 2260 loco
596 2197 727 2277 mundo,
750 2207 782 2261 et
805 2199 925 2262 cineres
949 2193 1114 2285 diligenter
1138 2201 1300 2286 colligens,
1324 2223 1402 2266 cave

304 2319 344 2361 ne
366 2297 535 2384 quicquam
557 2307 648 2363 terrae
669 2301 886 2366 commisceas.
932 2300 1142 2367 Postmodum
1161 2323 1318 2389 compone
1336 2303 1402 2366 fur-

304 2421 379 2464 num
396 2421 436 2463 ex
451 2400 607 2487 lapidibus
626 2411 658 2467 et
680 2403 800 2490 argilla,
824 2403 1019 2490 longitudine
1039 2404 1156 2489 pedum
1180 2425 1226 2467 xv
1243 2415 1275 2468 et
1296 2406 1402 2469 latitu-

304 2505 379 2568 dine
394 2525 425 2582 x,
441 2503 473 2566 in
488 2501 573 2568 hunc
588 2505 728 2569 modum.

350 2606 493 2670 Primum
509 2629 592 2693 pone
614 2607 853 2672 fundamentum
876 2608 908 2672 in
932 2618 1065 2694 utroque
1078 2609 1287 2694 longitudinis
1301 2611 1401 2674 latere

305 2709 507 2794 spissitudine
531 2709 622 2773 unius
645 2711 743 2796 pedis,
767 2710 884 2775 faciens
911 2711 1007 2773 larem
1033 2709 1065 2772 in
1089 2711 1193 2775 medio
1220 2711 1342 2774 firmam
1369 2723 1401 2776 et

304 2812 469 2897 aequalem,
490 2812 648 2897 lapidibus
670 2821 702 2875 et
722 2812 841 2898 argilla,
857 2812 1000 2875 dividens
1020 2834 1091 2875 eum
1114 2813 1195 2876 inter
1217 2822 1279 2876 tres
1295 2823 1400 2900 partes

304 2914 451 2998 aequales,
474 2922 509 2976 ut
530 2913 601 2977 duae
624 2935 679 2998 per
700 2935 733 2977 se
757 2915 829 2992 sint,
852 2923 884 2977 et
905 2913 996 2978 tertia
1015 2937 1118 3000 perse
1134 2915 1245 2992 divisa,
1262 2937 1352 2978 muro
1368 2914 1399 2976 in

303 3014 466 3078 latitudine
481 3015 593 3100 posito.
641 3015 765 3079 Deinde
788 3015 838 3079 sae
862 3015 1003 3080 foramen
1018 3017 1050 3080 in
1066 3027 1197 3102 utraque
1213 3015 1315 3080 fronte
1330 3017 1401 3080 lati-

303 3117 431 3197 tudinis,
453 3139 509 3204 per
530 3116 617 3204 quod
638 3118 762 3203 possint
783 3118 870 3204 ligna
892 3129 924 3182 et
945 3119 1027 3206 ignis
1042 3118 1172 3204 imponi,
1191 3126 1223 3181 et
1237 3117 1400 3182 aedificens

305 3241 430 3284 mumm
452 3220 483 3284 in
504 3220 633 3284 circuitu
655 3241 755 3307 usque
777 3221 818 3284 ad
839 3221 1036 3286 latitudinem
1052 3231 1188 3306 quatuor
1203 3221 1332 3306 pedum,
1348 3221 1399 3284 fac

303 3324 416 3388 iterum
437 3325 536 3388 larem
558 3325 682 3388 firmam
705 3333 738 3388 et
759 3325 912 3410 aequalem
935 3345 989 3410 per
1003 3323 1121 3402 omnia,
1143 3332 1176 3387 et
1190 3324 1258 3387 sine
1272 3345 1398 3388 murum

303 3426 464 3491 divisionis
486 3425 715 3512 aliquantulum
738 3426 917 3490 ascendere.
964 3425 1045 3489 Post
1066 3447 1137 3512 quae
1159 3426 1263 3490 facin
1287 3426 1400 3511 majori

303 3529 405 3614 spatio
421 3537 556 3615 quatuor
571 3527 726 3594 foramina
747 3529 780 3592 in
795 3550 859 3592 uno
873 3529 969 3592 latere
984 3527 1201 3613 longitudinis,
1217 3536 1249 3592 et
1263 3537 1400 3614 quatuor

303 3633 335 3694 in
358 3633 457 3696 altero
480 3652 536 3715 per
557 3631 697 3696 medium
719 3632 802 3712 laris,
825 3631 993 3718 inquibus
1014 3639 1175 3718 ponantur
1189 3652 1265 3695 vasa
1285 3631 1400 3716 operis,

303 3735 430 3820 duoque
445 3733 600 3798 foramIna
614 3735 645 3799 in
670 3735 774 3800 medio
798 3756 852 3820 per
870 3755 941 3820 quae
956 3733 1086 3797 flamma
1101 3733 1202 3820 possit
1216 3733 1399 3814 ascendere,

302 3845 335 3899 et
349 3836 510 3902 oedificans
525 3859 649 3902 mutum
672 3839 704 3901 in
726 3836 866 3914 circuitu,
882 3836 932 3900 fae
947 3835 1027 3900 duas
1043 3836 1196 3900 fenestras
1211 3835 1350 3923 quadras
1365 3836 1398 3900 in

302 3937 498 4024 longitudine
514 3947 546 4006 et
559 3939 723 4004 latitudine
735 3938 826 4002 unius
839 3936 961 4022 palme,
977 3937 1009 4000 in
1024 3945 1157 4024 utroque
1172 3938 1270 4002 latere
1286 3946 1399 4002 eontra

301 4039 457 4105 foramina
477 4064 584 4124 unam,
600 4065 656 4130 per
677 4063 756 4129 quas
772 4060 848 4102 vasa
869 4039 1071 4125 imponantur
1093 4049 1126 4104 et
1146 4039 1310 4126 ejiciantur
1324 4061 1399 4104 cum

300 4141 360 4221 his,
374 4165 447 4229 quae
469 4143 501 4206 in
523 4145 583 4208 illis
605 4143 780 4206 mittuntur.
828 4139 893 4204 Fae
908 4140 1003 4204 etiam
1018 4141 1051 4204 in
1067 4141 1181 4206 minori
1196 4140 1299 4228 spatio
1315 4141 1400 4206 fora-

301 4263 374 4304 men
396 4263 452 4326 per
473 4241 612 4306 medium
635 4242 709 4304 laris
725 4241 819 4326 juxta
840 4241 991 4325 parietem
1016 4242 1166 4322 medium,
1182 4251 1214 4306 et
1228 4241 1400 4306 fenestram

300 4343 339 4406 ad
364 4363 543 4407 mensuram
570 4343 665 4430 palmi
686 4344 781 4427 juxta
803 4341 954 4426 parietem
979 4341 1091 4407 frontis
1117 4345 1316 4424 exteriorem,
1344 4367 1402 4430 per

298 4466 395 4531 quam
419 4446 518 4528 possit
539 4444 659 4528 imponi
683 4453 715 4505 et
739 4442 857 4506 assumi
880 4444 966 4530 quod
992 4445 1203 4510 necessarium
1229 4454 1278 4510 est
1300 4447 1400 4532 operi.
