3140 5152
618 450 809 496 annornm
834 449 938 494 male
961 448 1015 492 111.

599 729 833 826 CAPUT
889 727 1030 826 LIX.

454 945 502 988 ΒΕ
522 945 759 992 conrmrrorm
780 947 859 998 QUAE
883 945 1026 991 chlTUR
1048 944 1173 988 TENAX.

266 1091 437 1250 TERE
457 1101 578 1178 partem
601 1095 705 1158 lateris
725 1095 791 1159 sive
812 1096 927 1182 tegulae
942 1095 1161 1172 minutissime,
1177 1101 1208 1158 el
1223 1089 1365 1178 liquefac

364 1196 467 1284 picem
490 1196 522 1260 in
545 1206 626 1262 testa
648 1198 727 1277 ollae,
752 1198 975 1283 modicumque
998 1219 1077 1260 cere
1099 1197 1192 1260 adde.
1236 1193 1366 1268 Quibus

267 1298 382 1384 pariter
402 1298 579 1386 liquefactis
601 1300 771 1364 commisce
787 1300 944 1384 pulverem
961 1299 1074 1385 tegula
1090 1307 1122 1362 et
1137 1297 1258 1362 fortiter
1271 1317 1366 1358 com·

267 1422 360 1465 move
382 1411 477 1488 atque
499 1401 531 1464 in
553 1423 667 1488 uquam
691 1400 828 1466 effunde.
872 1400 1018 1490 Cumque
1033 1401 1163 1487 coeperit
1177 1396 1368 1484 refrigerari,

268 1503 410 1590 intingue
425 1525 537 1568 manus
555 1513 702 1591 utrasque
722 1503 755 1566 in
770 1525 886 1590 aquam
904 1513 937 1568 et
950 1525 1076 1568 macera
1089 1503 1155 1582 diu,
1169 1503 1270 1566 donec
1287 1521 1366 1584 pos-

269 1606 312 1668 sis
342 1605 443 1690 ipsam
473 1605 704 1670 confectionem
734 1605 902 1670 extendere
928 1615 960 1670 et
983 1605 1108 1670 trahere
1131 1605 1212 1670 sicut
1236 1601 1366 1687 pellem.

271 1707 364 1772 Hanc
386 1707 617 1772 confectionem
639 1708 746 1775 statim
768 1707 948 1794 liquefacies
969 1718 1002 1773 et
1023 1706 1168 1792 implebis
1189 1703 1366 1790 ampullam

269 1830 370 1894 usque
392 1809 433 1871 ad
451 1831 620 1873 summurn.
666 1809 812 1897 Cumque
834 1810 1017 1896 refrigerata
1038 1809 1142 1890 fuerit,
1164 1806 1309 1894 pertrahe
1330 1807 1367 1868 in

270 1920 378 1974 ventre
394 1910 472 1972 etin
488 1911 570 1974 collo
584 1912 807 1998 quodcumque
822 1913 967 1992 voluen‘s,
982 1913 1158 1998 tollensque
1172 1910 1271 1974 ferros
1286 1907 1367 1971 duc-

269 2011 367 2075 torios
382 2009 514 2096 graciles
536 2020 568 2074 et
589 2014 754 2098 parvulum
777 2014 956 2080 malleolum
974 2015 1107 2100 designa
1121 2012 1207 2099 quod
1223 2021 1367 2096 pertrax-

270 2111 335 2192 isti,
358 2113 390 2176 in
413 2113 555 2194 circuitu,
577 2115 689 2178 leniter
710 2116 923 2202 percutiendo.
971 2115 1097 2180 Deinde
1119 2115 1161 2178 da
1182 2135 1289 2199 puero,
1309 2110 1368 2199 qui

202 2207 205 2214 ’
271 2226 382 2280 contra
404 2223 435 2280 te
457 2216 557 2297 sedet,
581 2218 760 2282 malleolum
779 2228 811 2282 et
832 2227 866 2281 tu
889 2227 960 2282 tene
983 2218 1016 2280 in
1037 2217 1160 2280 sinistra
1183 2237 1280 2278 manu
1294 2236 1366 2278 arn·

272 2319 400 2404 pullam,
423 2326 455 2382 et
476 2319 607 2384 dextere
628 2319 737 2401 ferros,
760 2321 1010 2406 unumquodque
1031 2320 1064 2382 in
1086 2341 1144 2382 suo
1166 2318 1246 2396 loco,
1265 2325 1298 2380 et
1315 2316 1367 2379 fac

272 2443 403 2507 puerum
420 2429 580 2506 percutere
595 2443 795 2508 quocumque
813 2422 909 2486 modo
927 2423 1070 2501 volueris,
1085 2421 1196 2484 leniter
1209 2429 1265 2484 aut
1278 2419 1368 2482 forti-

272 2531 330 2604 ter,
346 2545 383 2588 ac
399 2523 524 2609 depone
539 2545 679 2609 campos,
695 2533 731 2588 ut
750 2523 819 2588 cavi
840 2525 919 2588 fiant
933 2533 966 2588 et
980 2545 1060 2610 opus
1075 2523 1221 2586 elevetur.
1266 2520 1368 2585 Cum-

273 2649 334 2714 que
349 2647 405 2712 per
424 2625 531 2690 omnia
551 2626 647 2689 semel
667 2625 867 2712 percusseris,
887 2625 1035 2711 apposita
1055 2625 1194 2711 ampulla
1210 2623 1286 2712 igni,
1301 2624 1369 2688 eice

273 2729 514 2806 conlectionem,
544 2726 731 2813 recoctbque
761 2727 909 2813 ampulla,
940 2727 1041 2814 ejecta
1068 2728 1110 2792 ab
1133 2728 1217 2814 igne,
1242 2749 1369 2791 rursum

273 2831 369 2915 imple
385 2851 466 2909 eam,
482 2851 519 2892 ec
542 2828 624 2892 sicut
645 2829 730 2913 prius
752 2839 880 2914 percute
902 2829 1010 2914 sicque
1029 2829 1125 2893 facies
1140 2829 1241 2893 donec
1257 2849 1369 2892 omnes

274 2951 404 3015 campos
418 2929 579 3015 aequaliter
593 2929 744 3014 deponas,
761 2938 793 2993 et
807 2953 901 2995 omne
916 2953 996 3017 opus
1011 2932 1055 2994 ita
1069 2931 1248 2996 conformes
1261 2939 1297 2994 ut
1311 2951 1369 3015 ap·

274 3040 384 3120 pareat
404 3031 494 3117 quasi
517 3031 623 3096 fusum
646 3031 696 3094 sit.
742 3030 815 3097 Hoc
837 3042 943 3098 autem
966 3033 1095 3098 omnino
1117 3055 1251 3120 procura
1267 3041 1303 3096 ut
1317 3054 1370 3096 er·

274 3145 405 3222 gentum
435 3135 581 3221 ampulla
605 3134 650 3197 ita
676 3135 812 3220 spissum
836 3136 887 3215 sit,
909 3144 945 3198 ut
965 3157 1038 3199 cum
1060 3158 1140 3222 opus
1162 3134 1369 3220 percutiendo

274 3239 468 3318 formaveris,
484 3261 557 3302 cum
579 3237 668 3302 ferris
690 3237 831 3302 fossoriis
849 3237 952 3324 possis
967 3238 1043 3301 illud
1057 3237 1205 3302 decenter
1218 3237 1371 3316 incidere,

275 3344 382 3407 fodere
397 3351 429 3406 et
443 3341 561 3406 radere.
607 3340 682 3415 Quo
704 3349 843 3426 peracte,
864 3341 890 3402 si
906 3341 1049 3420 volueris,
1065 3339 1115 3404 fac
1131 3339 1303 3406 auriculam
1318 3337 1371 3402 fir-

275 3445 365 3508 silem
381 3445 492 3508 eodem
516 3443 611 3506 modo
634 3465 698 3527 quo
721 3441 862 3504 formasti
881 3443 1035 3506 auriculas
1051 3443 1189 3530 argentei
1205 3441 1322 3522 calicis,
1338 3451 1373 3504 et

275 3547 308 3609 in
328 3545 474 3608 anteriori
496 3553 584 3630 parte
607 3543 836 3623 deductorium,
859 3545 943 3609 unde
959 3546 1067 3608 vinum
1089 3545 1280 3624 effundatur,
1298 3566 1372 3631 quae

275 3645 478 3712 confirmabis
508 3645 691 3724 solidaturd,
722 3655 853 3730 argento
880 3656 912 3711 el
937 3669 1034 3733 cupro
1063 3648 1172 3727 mixta,
1197 3658 1234 3710 ut
1263 3667 1371 3732 supra.

279 3748 414 3828 Deinde,
425 3748 615 3832 ubicumque
625 3747 770 3826 volueris,
786 3747 901 3834 nigello
913 3749 1050 3830 ornabis,
1063 3761 1095 3814 et
1108 3751 1262 3838 reliquum
1273 3748 1372 3811 deau-

275 3851 359 3918 rabis
374 3859 527 3935 utsupra.

322 3954 446 4020 Eodem
462 3953 558 4016 modo
573 3950 669 4016 facies
687 3952 807 4039 cyphos
823 3975 935 4017 aureos
950 3961 982 4016 et
995 3963 1163 4038 argenteos
1179 3962 1274 4040 atque
1289 3953 1372 4016 scul-

275 4062 378 4140 tellas,
393 4067 425 4122 et
441 4056 561 4144 pixides
583 4055 623 4118 ad
646 4055 769 4119 oblatas
791 4055 1001 4140 imponendas
1023 4065 1055 4118 et
1076 4055 1221 4140 capsulas
1234 4053 1373 4141 thymia-

278 4167 389 4245 matis3
412 4173 445 4228 et
459 4159 624 4225 manubria
639 4159 671 4221 in
683 4157 824 4236 cultellis,
840 4167 872 4220 et
886 4157 1041 4243 imagines
1053 4157 1084 4221 in
1099 4157 1244 4222 crucibus
1259 4165 1292 4221 et
1306 4155 1372 4242 ple·

277 4269 372 4333 nariis
388 4289 427 4333 ex
442 4287 519 4330 auro
535 4264 601 4328 sive
617 4269 749 4348 argento
764 4267 820 4324 aut
833 4281 940 4344 cupro.
