3236 5144
276 417 341 480 250
635 435 827 482 rusorum
853 433 958 480 unsa
981 435 1035 478 111.

276 586 364 650 mitte
380 587 524 654 sabulum
540 611 612 656 cum
628 609 721 676 aqua.
766 587 913 674 Cumque
935 583 1070 672 girando
1092 589 1124 648 et
1144 581 1311 666 regirando
1326 580 1374 666 ip-

276 709 347 752 sum
369 689 515 758 sabulum
537 692 668 778 coeperit
688 691 818 756 ebullire
840 699 872 754 et
893 711 950 776 per
971 687 1110 774 lapidem
1131 683 1277 763 diffundi,
1299 703 1374 748 cum

276 787 363 876 ligno
385 793 496 878 gracili
517 793 615 880 longo
637 803 670 858 et
691 803 787 858 tenue
809 791 958 878 recollige
980 811 1104 876 semper
1126 795 1159 852 et
1179 787 1211 850 in
1230 787 1375 851 foramen

277 913 405 978 repone,
435 917 476 960 ne
505 895 587 962 sorte
610 917 721 961 aurum
747 917 821 962 cum
846 895 958 960 sabulo
989 901 1137 980 egeratur
1160 899 1193 955 et
1215 911 1281 953 non
1305 909 1375 951 mo-

277 995 368 1062 latur.
414 996 511 1073 Quod
526 1021 600 1064 cum
621 999 754 1086 pleniter
776 997 921 1064 molitum
944 996 1048 1076 luerit,
1063 993 1194 1059 eiciatur
1207 1001 1241 1056 et
1253 991 1377 1055 lavemr

278 1107 311 1162 et
325 1099 459 1166 siccetur
473 1109 509 1164 ut
523 1123 630 1188 supra,
652 1111 853 1188 ponaturque
868 1123 963 1187 super
977 1099 1101 1164 libram.
1146 1096 1181 1160 Si
1196 1117 1271 1160 vero
1285 1092 1376 1180 quic-

278 1223 375 1287 quam
390 1201 534 1284 defuerit,
548 1204 693 1270 laventur
714 1205 823 1268 sordes
843 1204 896 1292 qui
920 1203 1023 1268 fluunt
1037 1201 1078 1266 de
1092 1199 1208 1286 lapide,
1222 1197 1313 1262 etsie
1328 1196 1377 1258 in-

279 1305 410 1384 venitur,
432 1306 507 1393 quia
528 1307 646 1372 idcirco
669 1307 753 1372 idem
774 1307 854 1393 lapis
868 1307 902 1370 in
917 1327 992 1370 vase
1007 1304 1144 1392 ponitur.
1190 1299 1263 1364 Hoc
1278 1297 1377 1362 modo

279 1407 374 1470 etiam
390 1417 557 1494 argentum
578 1431 692 1494 purum
707 1409 890 1474 tenuissime
910 1428 1096 1495 percussum
1111 1413 1144 1469 et
1158 1403 1229 1468 vivo
1244 1409 1378 1488 argento

280 1509 413 1574 mixtum
436 1511 511 1575 moli
533 1511 638 1592 debet,
661 1512 735 1599 quin
757 1513 789 1576 in
812 1511 916 1576 calido
931 1510 1061 1574 vasculo
1083 1529 1156 1572 cum
1175 1504 1279 1570 calido
1294 1502 1378 1566 ferro

280 1610 356 1675 moli
371 1633 435 1675 non
452 1613 542 1677 valet.
587 1612 640 1678 Sic
655 1625 761 1678 autem
783 1614 1026 1678 commisceatur
1048 1621 1084 1676 ut
1099 1609 1162 1674 vivi
1177 1607 1298 1695 argenti
1313 1607 1380 1670 sint

279 1713 419 1800 quinque
435 1714 585 1799 pondera,
600 1725 633 1780 et
648 1725 774 1782 sextum
790 1716 832 1780 sit
845 1727 1012 1804 argentum
1029 1734 1152 1802 purum.
1185 1771 1187 1776 .

554 2299 780 2398 CAPUT
841 2300 1116 2398 XXXVII.

660 2522 743 2566 ITEM
767 2521 863 2566 UNDB
887 2521 1006 2566 SUPRA.

362 2659 476 2726 OTES
502 2661 598 2726 etiam
625 2683 736 2726 aurum
759 2661 858 2726 levius
882 2661 1000 2726 molere
1023 2661 1085 2726 hoc
1109 2659 1218 2726 modo.
1264 2659 1386 2745 Accipe

370 2773 487 2828 testam
503 2763 573 2828 ollae
588 2785 739 2850 capacem
754 2765 828 2852 igne
842 2764 1023 2851 probatam,
1032 2771 1065 2828 et
1080 2784 1164 2849 pone
1180 2761 1212 2824 in
1228 2759 1386 2825 carbones

284 2868 386 2932 donec
408 2865 539 2930 omnino
554 2866 735 2944 candescat,
750 2877 783 2932 et
794 2866 884 2930 mitte
903 2867 936 2930 in
951 2887 1023 2931 eam
1035 2886 1147 2929 aurum
1163 2864 1236 2928 vivo
1251 2869 1387 2948 argento

285 2970 420 3032 mixtum
445 2989 484 3032 ac
515 2967 695 3032 minutatim
724 2968 933 3048 confractum,
956 2975 1131 3053 tenensque
1162 2988 1235 3030 cum
1266 2963 1387 3049 forcipe

285 3071 374 3134 vibra
403 3089 533 3132 manum
557 3070 728 3154 aequaliter,
754 3078 787 3134 et
810 3092 885 3134 mox
911 3070 1033 3134 videbis
1055 3069 1218 3157 quomodo
1244 3067 1389 3152 liquefiat

285 3193 396 3237 numm
412 3180 444 3236 et
458 3171 700 3236 commisceatur
714 3171 786 3236 vivo
801 3181 944 3257 argento.
990 3171 1138 3258 Cumque
1146 3170 1277 3235 omnino
1291 3167 1388 3255 liqui-

286 3275 363 3338 dum
378 3273 480 3353 buerit,
497 3295 572 3338 mox
588 3273 732 3339 lundein
748 3295 864 3361 aquam
881 3283 977 3362 atque
992 3274 1064 3338 lava
1079 3283 1112 3338 et
1129 3273 1214 3338 sicca
1228 3280 1387 3356 utsupra.

288 3377 361 3442 Hoc
385 3376 515 3442 omnino
540 3397 628 3456 cave,
643 3399 683 3442 ne
694 3377 822 3462 jejunus
845 3377 947 3441 molas
964 3383 1020 3440 aut
1043 3376 1188 3454 deaures,
1203 3373 1279 3460 quia
1293 3373 1390 3437 foetor

287 3479 350 3540 vivi
365 3479 487 3564 argenti
499 3501 651 3565 magnum
663 3478 836 3566 periculum
845 3487 894 3542 est
903 3479 1015 3563 jejuno
1030 3477 1197 3542 stomacho
1207 3485 1240 3541 et
1254 3475 1389 3539 infirmi-

286 3587 370 3642 tates
385 3580 525 3644 diversas
540 3591 681 3666 generat,
697 3589 807 3645 contra
821 3601 901 3667 quas
923 3582 968 3644 uti
984 3580 1083 3644 debes
1109 3577 1228 3644 zituar¹
1243 3588 1276 3642 et
1289 3578 1390 3641 bacas

288 3678 377 3757 lauri,
392 3681 500 3766 pipere
523 3691 556 3744 et
581 3683 654 3748 allio
680 3691 777 3769 atque
801 3683 886 3746 vino.
932 3681 1084 3746 Posthaec
1110 3681 1257 3768 appende
1283 3681 1389 3767 ipsam

288 3779 511 3848 deauraturam
526 3783 559 3846 in
574 3792 706 3864 statera,
721 3793 754 3848 et
774 3783 880 3848 divide
895 3782 928 3845 in
943 3782 1019 3862 duo,
1035 3791 1068 3847 et
1091 3783 1296 3846 medietatem
1320 3784 1391 3868 ejus

289 3901 412 3944 rursum
426 3881 458 3946 in
473 3882 548 3966 dno,
563 3887 666 3952 donec
688 3887 831 3951 invenias
845 3885 988 3970 singulos
1002 3883 1160 3964 denarios,
1176 3892 1209 3946 et
1226 3883 1317 3948 mitte
1333 3907 1392 3948 eos

288 3981 449 4066 sigillatim
464 3985 496 4050 in
511 4009 632 4072 pennas
654 3988 785 4067 anseris,
799 3997 836 4052 ut
850 3985 931 4051 scias
947 3995 1102 4072 quantum
1124 3985 1295 4071 unicuique
1317 3986 1392 4049 loco

290 4081 472 4150 deaurando
484 4109 689 4174 superponas.
737 4089 863 4154 Deinde
875 4096 1001 4174 percute
1017 4095 1139 4174 partem
1155 4088 1244 4174 cupri
1260 4088 1346 4151 rubri
1358 4089 1393 4152 in

291 4181 526 4252 similitudinem
542 4189 665 4254 fossorii
682 4191 754 4256 ferri
769 4202 802 4255 et
813 4191 909 4276 infige
922 4189 1099 4270 manubrio,
1111 4189 1395 4276 summitatemque

672 4375 678 4406 ¹
696 4379 712 4403 ss
727 4376 830 4435 rrum?
844 4377 900 4424 coa.
914 4376 1012 4438 corps.
