3236 5144
307 535 371 598 230
658 553 852 600 rnaornrm
877 553 980 597 arnan
1004 553 1056 598 111.

307 705 414 791 gentili
428 705 606 792 contigerit,
622 715 658 770 ut
680 717 847 793 argentum
871 707 975 771 frisam
999 725 1112 768 sanum
1136 724 1200 767 non
1223 704 1275 781 sit,
1290 704 1403 766 iterum

307 807 415 886 funde,
431 807 533 872 donec
549 828 662 872 eanum
678 809 762 874 fiat'.

615 1422 844 1520 CAPUT
901 1421 1088 1518 XXVI.

551 1687 595 1728 DE
619 1685 840 1729 ranmcnrtno
864 1685 999 1728 tantona
1021 1684 1155 1728 GALICE.

305 1872 548 2024 CUMQUE
563 1877 695 1961 coeperis
718 1887 890 1962 percutere,
906 1898 1011 1963 quaere
1027 1875 1233 1940 meditullium
1256 1874 1289 1936 in
1303 1895 1352 1953 eo,
1367 1883 1400 1937 et

395 1975 446 2039 fac
470 1987 612 2040 centrum
635 2000 707 2041 cum
734 1978 863 2060 circino,
878 1989 911 2043 et
936 1980 1021 2043 circa
1043 2001 1116 2043 eum
1144 1977 1240 2041 saciea
1263 1976 1397 2040 caudam

303 2077 468 2164 quadram,
484 2079 592 2166 inqua
607 2079 721 2164 pedem
736 2083 897 2166 configere
911 2081 1020 2145 debes.
1066 2080 1150 2144 Cum
1165 2101 1239 2143 vero
1254 2079 1300 2142 sic
1319 2087 1398 2142 atte-

303 2187 435 2242 nuatum
450 2179 552 2259 suerit,
565 2190 600 2245 ut
614 2203 710 2244 manu
726 2183 834 2267 plicari
851 2183 960 2268 possit,
970 2183 1020 2248 sac
1035 2183 1165 2246 interius
1181 2180 1313 2244 circulos
1325 2201 1397 2242 cum

302 2277 419 2345 circino
435 2303 454 2345 a
476 2291 585 2347 centro
599 2285 747 2370 usquein
772 2285 924 2365 medium,
938 2295 971 2349 et
985 2284 1121 2350 exterius
1143 2305 1163 2347 a
1177 2282 1283 2346 medio
1299 2301 1399 2367 usque

301 2384 465 2464 adoram,
489 2395 608 2449 etcum
624 2386 761 2451 rotundo
784 2389 899 2452 malleo
921 2397 1049 2472 percute
1072 2385 1202 2450 interius
1224 2383 1396 2448 secundum

300 2485 445 2566 circuloS,
459 2495 497 2550 ut
519 2487 593 2551 inde
617 2489 865 2574 profunditatem
887 2491 1002 2574 capiat,
1021 2499 1053 2552 et
1075 2488 1213 2552 exterius
1235 2507 1309 2550 cum
1331 2507 1398 2548 me·
1490 2513 1496 2522 ·

301 2587 400 2652 diocri
415 2611 510 2676 super
532 2591 701 2655 rotundam
716 2592 864 2655 incudem
887 2591 1063 2656 secundum
1078 2590 1212 2654 circulos
1232 2608 1333 2672 usque
1355 2585 1397 2649 ad

300 2711 400 2771 oram,
413 2701 448 2754 ut
463 2692 536 2755 inde
549 2693 687 2756 strictius
698 2693 772 2774 fiat,
796 2704 828 2757 et
843 2693 903 2758 hoc
915 2693 1037 2756 tamdiu
1048 2691 1098 2756 sac
1108 2691 1210 2755 donec
1223 2689 1251 2754 ei
1261 2689 1396 2752 sormam

300 2803 332 2857 et
363 2794 602 2879 amplitudinem
637 2795 812 2859 secundum
843 2795 966 2880 argenti
1001 2793 1210 2881 quantitatem
1240 2791 1396 2877 acquiras.

301 2892 375 2969 Quo
398 2895 483 2958 facto
499 2894 575 2959 rade
596 2895 726 2960 interius
742 2906 775 2960 et
796 2897 934 2961 exterius
956 2903 1047 2985 aeque
1063 2919 1136 2960 cum
1158 2895 1244 2972 lima,
1260 2903 1293 2958 et
1314 2893 1397 2956 circa

300 3017 400 3075 oram,
416 2996 518 3060 donec
533 2997 655 3081 equalis
670 3021 725 3083 per
740 2999 848 3062 omnia
857 3000 923 3064 fiat.
969 2999 1095 3063 Deinde
1105 2996 1264 3062 residuam
1278 2991 1397 3058 medie-

298 3105 396 3160 tatem
412 3097 535 3183 argenti
550 3098 633 3162 sicut
648 3121 743 3185 supra
765 3099 870 3164 divide
885 3101 917 3164 in
933 3101 1008 3180 duo,
1024 3110 1057 3165 et
1071 3101 1113 3165 ab
1128 3122 1191 3163 una
1205 3108 1294 3185 parte
1309 3096 1397 3160 auser

298 3200 423 3284 pondus
439 3221 494 3263 sex
518 3221 731 3281 nummomm,
747 3212 779 3266 et
801 3203 883 3268 adde
906 3205 1006 3282 alteri,
1023 3204 1055 3266 in
1071 3223 1135 3290 qua
1158 3201 1272 3286 pedem
1288 3199 1396 3278 facies,

297 3302 383 3390 quod
399 3311 510 3388 postea
525 3302 598 3365 inde
610 3303 749 3368 limando
761 3305 883 3369 auferes
899 3315 931 3369 et
943 3327 1008 3368 suae
1020 3306 1101 3390 parti
1114 3303 1235 3368 reddes.
1280 3299 1396 3387 Sicque

297 3405 395 3470 funde
410 3413 442 3468 et
463 3414 591 3490 percute
607 3405 719 3491 pedem
737 3407 818 3471 sicut
839 3430 905 3486 vas,
919 3429 1020 3495 usque
1036 3407 1110 3470 dum
1134 3414 1325 3478 attenuetur,
1341 3425 1396 3466 ex·

298 3517 391 3592 cepto
407 3507 492 3592 quod
509 3507 644 3570 caudam
660 3529 725 3572 non
741 3509 837 3572 facies
852 3509 885 3572 in
899 3531 949 3574 eo.
995 3507 1070 3584 Quo
1086 3517 1249 3572 attenuato
1264 3503 1396 3590 prolun-

297 3605 429 3671 ditatem
444 3607 536 3672 dabis
551 3609 579 3671 ei
595 3631 668 3672 cum
691 3610 805 3673 malleo
821 3611 958 3675 rotundo
973 3611 1102 3675 interius
1124 3620 1156 3674 et
1177 3609 1324 3686 exterius,
1348 3605 1396 3668 in·

297 3709 455 3794 cipiesque
470 3709 590 3773 nodum
601 3710 736 3774 formare
747 3733 819 3774 cum
831 3712 981 3776 mediocri
993 3713 1108 3777 malleo
1120 3733 1214 3797 super
1226 3709 1394 3774 rotundam

296 3809 454 3889 incudem,
467 3820 500 3874 et
514 3811 587 3875 inde
598 3833 692 3898 super
703 3813 833 3900 longam
845 3835 884 3878 ex
898 3822 1031 3901 utraque
1046 3823 1145 3899 parte,
1160 3813 1262 3876 donec
1277 3811 1393 3876 collum

296 3921 361 3976 tam
377 3913 493 3997 gracile
508 3913 607 3978 facias
623 3914 705 3977 sicut
719 3915 855 3979 volueris
864 3940 873 3996 3
896 3915 958 3980 hoc
974 3915 1141 4002 diligenter
1156 3933 1339 4000 procurans,
1354 3933 1394 3974 ne

296 4015 367 4100 plus
382 4015 415 4079 in
439 4037 505 4079 uno
521 4016 593 4080 loco
619 4017 778 4101 percutias
794 4039 890 4103 quam
905 4017 939 4080 in
957 4019 1066 4095 altero,
1082 4037 1121 4080 ne
1144 4015 1225 4080 forte
1241 4013 1345 4078 nodus
1359 4035 1394 4076 se

292 4116 326 4180 in
341 4117 479 4203 aliquam
502 4126 626 4202 partem
650 4118 790 4198 inclinet,
806 4119 861 4182 sed
877 4119 910 4182 in
931 4119 1036 4183 medio
1051 4127 1124 4197 stet,
1139 4139 1179 4181 ex
1195 4116 1280 4181 omni
1304 4123 1395 4200 parte

294 4225 384 4307 reque
400 4220 519 4306 spissus
533 4229 567 4282 et
591 4220 683 4284 latus.
730 4219 856 4284 Deinde
872 4243 955 4306 pone
978 4241 1052 4285 eum
1067 4240 1161 4306 super
1180 4218 1346 4296 carbones,
1362 4224 1394 4279 et

328 4415 336 4445 ¹
353 4417 369 4442 “
379 4415 468 4463 Deinde
479 4413 515 4462 lac
523 4414 568 4462 tibi
576 4413 740 4462 conlectionem
749 4429 778 4461 ex
787 4412 882 4463 fascibus
890 4413 987 4463 claritat
995 4413 1051 4474 mle,
1059 4413 1083 4461 in
1092 4427 1137 4474 qua
1145 4411 1267 4474 extinguas
1273 4417 1393 4472 argentum

294 4495 547 4560 quotiensmxuiw
581 4497 621 4546 Ex
631 4497 686 4545 MS.
700 4495 800 4558 eulpa.
1249 4493 1265 4506 ’“
