3140 5152
306 521 369 583 340
650 541 839 585 runorrrrur
865 541 967 586 tinen
992 544 1044 586 nr.

305 691 438 776 ligenter
460 713 553 777 super
569 703 724 756 vetustam
747 695 967 758 deaumtumm
991 695 1023 757 in
1047 717 1146 780 cupro
1168 695 1234 758 eive
1256 703 1406 779 argento,

304 815 375 880 quae
390 793 543 879 fulgorem
560 817 652 858 suum
676 795 852 880 perdiderit,
875 797 920 859 sic
944 805 978 860 ut
1000 797 1130 860 omnino
1146 796 1357 883 cooperiatur,
1373 805 1407 858 et

305 897 388 958 sines
402 896 446 958 ita
462 918 588 960 manere
611 919 667 982 per
682 907 816 963 noctem.
862 897 1010 964 Secunda
1025 921 1099 964 vero
1114 899 1165 963 die
1180 899 1266 986 aqud
1280 897 1406 961 lavabis

305 1019 377 1060 eum
393 999 513 1063 eisdem
529 1001 604 1064 setis
619 1003 715 1066 semel
732 1011 765 1065 et
786 1002 909 1082 itemm,
924 1013 1019 1089 atque
1035 1003 1129 1066 tertio
1144 1001 1316 1088 perfundes
1330 999 1406 1061 lim-

305 1097 379 1182 pida
393 1121 486 1187 eque,
503 1102 685 1190 videbisque
701 1125 769 1168 eam
788 1104 906 1190 firlgere
921 1105 1003 1168 sicut
1019 1103 1170 1189 placuerit
1185 1101 1283 1166 oeulis
1298 1101 1373 1164 tuis.

653 1431 659 1436 -
702 1429 732 1438 -ι
774 1431 788 1436 -
850 1431 1012 1439 --.-..---
1042 1433 1078 1438 --

599 1661 830 1756 CAPUT
892 1660 1097 1756 txxn

543 1883 587 1924 DE
611 1881 797 1924 PURGANDO
822 1880 913 1922 Auno
938 1879 978 1921 ET
1001 1879 1169 1922 ARGENTO.

304 2027 378 2180 Sl
397 2049 505 2091 aurum
522 2041 554 2092 et
575 2041 740 2114 argentum
763 2028 888 2091 leminis
907 2037 1104 2090 attenuatum
1121 2039 1215 2114 atque
1231 2029 1329 2093 claris
1344 2032 1402 2094 ali·

406 2130 477 2194 cubi
504 2130 664 2195 confixum
694 2131 893 2216 denigratum
916 2139 1072 2193 vetustate
1099 2131 1200 2210 luerit,
1227 2132 1301 2196 tolle
1328 2155 1401 2197 car-

303 2233 402 2298 bones
418 2234 525 2318 nigros
541 2244 573 2298 et
586 2233 792 2297 minutissime
804 2245 870 2295 tere
881 2253 936 2295 eos
952 2241 1048 2318 etque
1065 2254 1120 2316 per
1131 2255 1271 2318 pennum
1284 2235 1401 2314 cribra,

302 2359 491 2424 sumensque
502 2360 640 2423 pannum
649 2337 763 2399 lineum
773 2334 838 2399 sive
848 2334 1291 2422 laneumequdmadelactum‚
1299 2361 1401 2424 pones

302 2463 395 2526 super
410 2421 494 2526 ipsos
510 2440 673 2517 carbonem
689 2439 877 2522 elevansque
893 2436 1019 2500 fricabis
1034 2438 1200 2523 diligenter
1215 2461 1271 2525 per
1290 2441 1400 2504 omnia

303 2563 413 2605 aurum
428 2542 475 2606 vel
486 2551 663 2628 argentum,
680 2541 780 2603 donec
793 2561 919 2604 ornnem
933 2538 1129 2624 nigredinem
1143 2541 1278 2620 auferes,
1290 2544 1400 2630 sieque

304 2643 423 2708 levabis
447 2643 542 2730 aqud,
566 2653 598 2707 et
622 2645 687 2706 sole
714 2643 778 2706 sive
802 2641 875 2727 igne
898 2643 946 2704 vel
972 2663 1079 2727 panno
1104 2643 1255 2725 siccabie;
1282 2643 1400 2709 deiude

301 2747 378 2810 tolle
400 2755 517 2809 cretam
541 2745 720 2822 candidam,
743 2755 775 2806 et
797 2743 1002 2806 minutissime
1025 2743 1100 2807 rade
1122 2743 1154 2806 in
1170 2767 1255 2823 vase,
1277 2755 1400 2809 etcum

302 2847 384 2910 lineo
411 2870 516 2932 penno
542 2847 585 2910 itu
609 2847 725 2910 siccam
752 2845 877 2909 lricabie
901 2867 995 2930 super
1021 2867 1131 2908 aurum
1156 2848 1202 2910 vel
1230 2857 1399 2934 argentum

300 2949 432 3028 tamdiu,
461 2949 561 3012 donec
594 2949 756 3033 pristinum
785 2949 939 3034 fulgorem
968 2948 1105 3034 recipiet.
1151 2947 1276 3013 Eodem
1300 2951 1401 3014 modo

301 3063 478 3136 purgantur
494 3072 579 3114 veen.

577 3619 812 3718 CAPUT
871 3617 1114 3714 LXXXL

731 3839 776 3881 Dr:
799 3835 957 3882 ottonum.

299 3985 585 4141 FACTURUS
604 4005 723 4072 organa
746 3983 880 4067 primurn
904 3979 1020 4043 habeat
1041 3979 1207 4042 lectionem
1229 3999 1401 4064 mensurae,

395 4092 528 4178 qualiter
548 4088 649 4153 metiri
665 4087 802 4150 debeant
819 4083 931 4145 fietulae
947 4103 1060 4168 graves
1076 4093 1108 4144 et
1122 4091 1223 4144 ecutae
1239 4089 1272 4143 et
1287 4103 1401 4166 super-

297 4207 415 4276 acutae3
439 4193 553 4258 deinde
567 4193 661 4256 saciat
681 4187 740 4253 eibi
757 4187 870 4249 senum
892 4187 1022 4270 longum
1039 4193 1070 4247 et
1085 4205 1230 4270 grossum
1247 4183 1289 4245 ad
1307 4205 1402 4249 men·

296 4321 412 4377 euram,
424 4320 488 4385 qua
502 4297 570 4359 vult
584 4292 701 4357 hebere
713 4289 844 4366 fistulas,
860 4287 946 4374 quod
962 4285 1002 4350 sit
1016 4286 1048 4349 in
1064 4286 1205 4364 circuitu,
1222 4287 1400 4352 rotundum

295 4401 420 4469 summit
435 4397 596 4484 diligentid
611 4397 754 4460 limatum
771 4399 802 4454 et
819 4391 958 4476 politum,
977 4391 1007 4450 in
1023 4411 1087 4451 unu
1103 4387 1285 4452 summitate
1302 4411 1401 4474 gros·

295 4507 359 4570 sius
373 4512 404 4566 et
420 4501 542 4565 modice
558 4507 765 4572 attenuatum,
787 4493 830 4555 itu
847 4503 878 4556 ut
896 4491 994 4578 possit
1009 4491 1118 4577 inponi
1135 4491 1165 4553 in
1182 4491 1316 4554 alterurn
1335 4493 1401 4554 fer·-
