3140 5152
309 473 374 536 310
663 487 855 532 rnaornrnr
881 486 985 530 mnan
1007 487 1061 528 rrr.

309 663 465 726 compone
482 661 557 703 vasa
572 649 650 725 quot
665 639 808 702 volueris.
853 637 916 702 Sed
936 659 1009 702 cum
1024 636 1191 723 diligenter
1204 635 1326 699 siccata
1344 635 1416 700 fue-

309 743 380 820 rint,
403 763 486 828 pone
501 741 533 804 in
549 740 710 804 fornacem
726 741 786 804 tria
802 741 850 804 vel
869 750 1007 826 quatuor
1021 739 1242 826 autquinque,
1256 739 1291 802 in
1305 761 1416 825 qnan-

307 851 377 908 tum
392 843 504 908 fornax
520 863 631 930 capere
647 843 757 930 possit,
773 853 805 908 et
819 842 1037 908 circumfunde
1051 841 1217 906 carbones.

687 1101 695 1104 -
714 1099 978 1106 4.————-..,
992 1099 1111 1106 ——--

609 1293 854 1390 CAPUT
915 1293 1112 1390 LXVI.

641 1534 687 1578 DE
709 1533 964 1578 cortpofflxlon'n
987 1534 1082 1576 mnis.

384 1697 555 1776 UMQUE
569 1699 760 1778 canduerit¹,
775 1699 851 1763 tolle
866 1699 1068 1777 calaminam,
1083 1698 1123 1762 de
1138 1717 1203 1784 qua
1218 1721 1315 1784 snpra
1331 1699 1416 1778 dixi,

425 1823 497 1864 cum
524 1799 714 1864 carbonibus
744 1801 984 1864 minutissimam
1011 1799 1128 1879 tritam,
1157 1807 1189 1862 et
1213 1799 1245 1862 in
1273 1800 1415 1886 singulis

310 1901 446 1966 vasculis
468 1900 560 1988 quasi
583 1901 624 1964 ad
649 1913 771 1966 sextam
797 1913 917 1988 partem
941 1923 1107 1987 compone,
1130 1911 1162 1966 et
1188 1901 1315 1987 penitus
1338 1925 1414 1965 eam

310 2024 408 2088 cupro
437 2003 617 2088 supradicto
646 2003 743 2090 imple
773 2013 806 2068 et
835 2003 1027 2068 carbonibus
1056 2002 1194 2089 cooperi.
1242 2001 1413 2067 Interdum

309 2105 406 2172 etiam
421 2127 494 2170 cum
510 2105 596 2192 ligno
618 2107 726 2192 gracili
748 2115 781 2172 et
802 2127 932 2171 recurvo
956 2105 1111 2170 foramina
1125 2104 1254 2168 inferius
1269 2105 1416 2192 inpinge,

311 2227 351 2270 ne
376 2205 457 2274 forte
484 2207 697 2288 obstruantur,
723 2219 760 2273 ut
780 2216 813 2273 et
834 2207 947 2272 favillre
971 2215 1087 2272 exeant
1108 2217 1282 2294 ventusque
1306 2209 1417 2294 magis

312 2309 515 2396 ingrediatur.
562 2309 646 2376 Cum
666 2332 741 2376 vero
763 2333 896 2398 cuprum
921 2311 1051 2374 omnino
1077 2311 1281 2398 liquefactum
1307 2311 1416 2390 fuerit,

311 2413 385 2476 tolle
398 2413 514 2478 ferrum
536 2413 663 2500 gracile,
679 2415 811 2500 longum
833 2423 866 2478 et
887 2435 1029 2491 curvum,
1052 2413 1221 2501 ligneaque
1244 2413 1415 2478 manubrio

311 2513 454 2596 infixum,
469 2523 501 2579 et
522 2516 688 2603 diligenter
711 2537 886 2595 commove,
908 2523 944 2579 ut
966 2514 1124 2579 calamina
1146 2537 1245 2601 cupro
1261 2515 1415 2580 commis·

310 2626 429 2682 ceatur.
475 2617 594 2684 Postea
620 2627 727 2683 autem
756 2640 830 2682 curn
860 2617 978 2703 forcipe
1003 2618 1100 2704 longo
1127 2617 1257 2682 vascula
1283 2617 1414 2701 singula

312 2719 472 2784 modicum
488 2723 576 2786 eleva
591 2731 653 2786 eta
676 2721 753 2788 locis
775 2721 840 2786 suis
862 2721 1023 2807 paululum
1046 2741 1183 2799 remove,
1200 2741 1239 2782 ne
1255 2718 1337 2783 forte
1355 2721 1414 2783 lari

312 2819 503 2901 adbmreant,
526 2843 712 2908 rursumque
734 2823 765 2885 in
781 2821 930 2886 omnibus
951 2831 988 2886 ut
1008 2822 1095 2908 prius
1109 2820 1299 2884 calaminam
1316 2843 1415 2906 pone,

312 2928 345 2982 et
370 2941 467 3005 cupro
494 2923 578 3008 reple
604 2935 699 3012 atque
728 2925 918 2990 carbonibus
944 2923 1081 3010 cooperi.
1127 2921 1275 3010 Cumque
1304 2925 1414 2991 denuo

313 3021 438 3105 penitus
467 3025 670 3112 liquefactum
704 3025 804 3106 fuerit,
834 3049 1021 3114 rursumque
1049 3025 1290 3112 diligentissime
1320 3049 1412 3090 com-

314 3144 417 3206 move,
432 3136 551 3192 etcum
574 3129 692 3215 forcipe
707 3151 763 3194 vas
785 3151 882 3194 unum
905 3129 1030 3209 eiciens,
1053 3128 1148 3192 sulcis
1170 3129 1202 3191 in
1218 3139 1300 3192 terra
1317 3129 1413 3194 fossis

312 3233 414 3292 totum
432 3227 571 3312 effunde,
586 3253 705 3320 vasque
727 3232 760 3296 in
782 3254 840 3296 suo
862 3232 935 3295 loco
957 3251 1083 3317 repone.
1130 3229 1175 3294 Et
1190 3251 1265 3293 mox
1280 3253 1414 3294 sumens

313 3331 514 3414 calaminam,
529 3345 565 3399 ut
579 3336 664 3422 priua
679 3336 817 3422 impone,
832 3355 1027 3421 cuprumque
1042 3333 1128 3420 quod
1144 3331 1292 3412 effudisti,
1308 3355 1412 3420 quarr-

313 3442 380 3497 tum
411 3457 522 3522 capere
553 3439 651 3523 possit
683 3457 870 3524 superpone.
917 3434 1031 3522 quue
1060 3445 1096 3498 ut
1126 3435 1211 3521 prins
1240 3435 1413 3522 liquefacto

313 3556 479 3603 commove
500 3548 533 3604 et
554 3540 741 3605 calaminam
765 3558 892 3624 repone,
913 3545 1010 3623 atque
1032 3535 1134 3600 effuso
1155 3559 1254 3623 cupro
1277 3539 1414 3625 repleat

314 3635 381 3700 sine
396 3638 557 3724 liquelieri.
603 3641 655 3706 Sic
670 3641 803 3728 siugulis
817 3639 901 3704 vasis
916 3638 1022 3704 facito.
1068 3637 1215 3725 Cumque
1231 3662 1287 3725 per
1301 3643 1413 3706 omnia

315 3739 438 3823 penitus
464 3741 558 3806 fuerit
583 3744 787 3832 liquefactum
814 3752 910 3830 atque
934 3739 1108 3804 diutissime
1134 3751 1341 3822 commotum,
1365 3746 1413 3808 ef-

315 3841 411 3905 funde
436 3851 471 3906 ut
493 3845 589 3929 prius,
613 3857 646 3912 et
671 3869 761 3911 serva
785 3845 887 3910 donec
913 3865 993 3930 opus
1015 3842 1175 3907 habueris.
1221 3843 1299 3907 Haec
1322 3866 1413 3908 com-

315 3943 427 4009 mixtio
444 3956 575 4011 vocatur
589 3971 642 4028 aas,
658 3949 743 4014 unde
762 3947 909 4026 caldaria,
924 3947 1044 4010 lebetes
1058 3957 1091 4010 et
1104 3947 1211 4032 pelves
1226 3946 1413 4027 funduntur,

313 4047 369 4111 sed
387 4069 450 4112 non
466 4056 570 4132 potest
590 4051 742 4130 deaurari,
757 4050 887 4138 quando
909 4057 983 4114 ante
1002 4049 1261 4138 commixtionem
1276 4069 1411 4134 cuprum

315 4149 453 4214 nonfuit
475 4152 597 4238 penitus
613 4175 631 4214 a
646 4152 776 4239 plumbo
798 4161 976 4240 purgatum.
1023 4151 1148 4216 Deinde
1171 4151 1312 4215 facturus
1327 4151 1412 4214 anri-

314 4253 447 4334 calcum‚
463 4254 548 4342 quod
564 4254 663 4340 possit
677 4255 830 4334 deaurari,
846 4255 890 4318 sic
907 4255 1019 4341 incipe.

728 4407 734 4436 ¹
753 4411 768 4435 “
777 4407 933 4470 mnducdnt‚”
944 4405 1000 4460 iat.
