3140 5152
298 532 361 596 292
650 551 839 594 rasorium
863 552 964 596 arasa
986 551 1038 596 ur.

298 701 454 787 Paradysi
470 699 609 764 humana
621 701 726 787 specie
742 723 814 766 cum
827 703 893 766 suis
905 701 1076 788 amphoris,
1087 703 1202 790 quibus
1214 703 1398 766 effundatur

297 805 389 890 quasi
415 803 536 890 species
561 801 688 867 fluentis
714 825 815 890 aquae.
862 802 900 866 lu
923 805 1048 888 angulis
1070 827 1155 884 vero,
1178 805 1292 891 quibus
1314 827 1397 868 con·

292 907 473 991 junguntur
487 905 604 982 circuli,
621 907 759 991 ligantur
773 905 878 990 capita
893 905 1021 969 leonum
1036 906 1102 970 sive
1117 905 1214 970 facies
1228 907 1397 970 hominum

298 1007 338 1071 de
363 1007 479 1093 quibus
506 1027 601 1092 supra
627 1007 778 1085 diximus,
804 1007 847 1070 ita
874 1015 909 1070 ut
933 1006 1071 1070 inferiori
1098 1017 1185 1092 parte
1211 1007 1397 1071 adhereant

298 1109 394 1174 facies
417 1109 449 1171 iu
471 1109 587 1196 quibus
611 1109 774 1173 firmentur
796 1117 925 1188 catenae,
941 1119 973 1172 et
994 1109 1026 1172 in
1048 1109 1200 1194 superiori
1221 1109 1324 1195 capilli
1343 1111 1396 1174 vel

298 1233 410 1291 coma,
431 1233 488 1298 per
509 1233 590 1298 quas
611 1219 776 1276 transeant
799 1211 875 1296 ipsae
899 1221 1027 1276 catena.
1074 1211 1171 1287 Quod
1193 1212 1221 1277 si
1244 1235 1297 1298 pas
1319 1235 1393 1276 cum

297 1312 367 1396 ipsa
394 1312 532 1379 inferiori
563 1325 652 1398 parte
681 1324 820 1400 nequeat
848 1313 979 1398 percuti,
1010 1313 1067 1377 fiat
1099 1313 1297 1399 singulariter
1326 1315 1396 1377 sire

296 1413 407 1478 ductili
422 1415 488 1480 sire
503 1415 584 1480 fusili
599 1435 704 1502 opere,
720 1423 753 1478 et
772 1415 954 1501 imponatur
974 1435 1046 1478 cum
1067 1414 1240 1480 solidatura
1260 1425 1395 1500 argento

297 1523 330 1579 et
355 1537 452 1602 cupro
480 1517 592 1596 mixtis,
619 1519 660 1582 da
686 1538 750 1604 qua
776 1538 871 1602 supra
897 1517 1044 1580 diximus.
1090 1515 1215 1602 Lylium
1241 1537 1315 1580 vero
1341 1517 1395 1580 cni

297 1619 410 1682 anulus
424 1618 635 1706 imponendus
650 1627 709 1698 est,
721 1627 753 1683 ct
764 1618 815 1682 cui
830 1627 951 1682 catenae
966 1616 1109 1702 superius
1124 1616 1293 1702 infigendae
1307 1627 1396 1697 sunt,

297 1719 354 1784 fiat
374 1719 516 1784 similiter
536 1721 645 1786 ductili
667 1720 732 1784 sive
755 1719 838 1784 fusili
857 1739 962 1804 opere,
978 1718 1011 1780 iu
1031 1739 1094 1803 quo
1109 1717 1283 1782 formentur
1297 1719 1396 1782 flores

296 1831 352 1886 aut
381 1823 511 1888 aviculas
544 1823 610 1888 sire
644 1821 784 1886 bestiolae
817 1821 992 1886 secuudum
1022 1819 1207 1906 qualitatem
1236 1820 1396 1885 inferioris

296 1923 409 2008 operis.
455 1922 532 1988 Hoc
562 1923 735 1988 turibulum
765 1923 792 1986 si
821 1923 915 1986 fucrit
941 1931 1126 2008 argenteum
1151 1931 1206 1985 aut
1231 1942 1395 2005 cupreum,

296 2025 411 2110 poterit
436 2024 579 2089 deaurari
606 2025 716 2090 ordine
742 2047 807 2112 quo
835 2046 940 2111 supra.
985 2023 1082 2099 Quod
1112 2021 1139 2086 si
1165 2023 1235 2109 quis
1260 2023 1398 2087 voluerit

294 2126 435 2190 laborem
454 2148 624 2212 apponere,
640 2137 675 2190 ut
692 2128 865 2192 turibulum
886 2126 1076 2212 pretiosioris
1093 2125 1195 2210 operis
1210 2137 1396 2210 componat,

294 2227 531 2294 similitudinem
555 2228 701 2307 civitatis,
725 2251 822 2316 quam
848 2229 927 2293 vidit
952 2226 1109 2314 propheta
1134 2226 1166 2289 in
1190 2235 1307 2304 monte,
1330 2226 1396 2290 hoc

296 2330 393 2396 modo
408 2331 584 2417 exprimere
599 2331 722 2417 poterit.

635 2863 863 2960 CAPUT
920 2863 1058 2959 LXI.

636 3065 682 3108 DE
704 3064 908 3109 'PHUlllBULO
931 3063 1051 3108 ausim.

371 3209 488 3276 OLLE
500 3212 644 3297 argillam
656 3234 720 3276 non
732 3211 939 3276 commixtam
952 3219 984 3274 et
996 3209 1076 3274 bene
1088 3217 1291 3289 maceratam,
1301 3220 1334 3275 et
1343 3211 1394 3276 fac

391 3313 509 3378 siccare
531 3315 572 3378 ad
597 3315 707 3395 solem,
730 3315 945 3399 siccatamque
971 3312 1150 3375 comminue
1173 3321 1205 3376 ct
1227 3311 1395 3400 diligenter

295 3415 407 3481 cribra.
453 3414 694 3503 Cribratamque
717 3415 801 3503 aqud
826 3413 996 3478 commisce
1019 3422 1051 3477 et
1073 3412 1193 3476 fortiter
1209 3436 1344 3494 macera,
1362 3426 1396 3480 et

294 3518 409 3583 exinde
424 3540 579 3604 compone
594 3519 651 3583 tibi
665 3520 744 3583 duas
760 3540 893 3595 massas,
910 3516 950 3580 ad
967 3516 1217 3602 magnitudinem
1232 3538 1328 3603 quam
1344 3519 1394 3582 vis

295 3619 412 3682 habere
437 3621 618 3701 turibulum,
645 3643 741 3684 unam
772 3619 960 3698 inferiorem,
987 3627 1020 3682 et
1042 3617 1172 3682 alteram
1200 3619 1394 3702 superiorem

295 3742 367 3806 qum
391 3720 501 3784 ¹latior
523 3721 599 3801 erit3
623 3745 693 3809 quae
716 3743 829 3785 massae
844 3731 998 3785 vocantur
1019 3720 1133 3784 nuclei.
1180 3719 1270 3794 Quos
1285 3722 1393 3785 statim

295 3821 468 3908 perforabis
482 3824 569 3910 liguo
591 3825 624 3887 in
646 3825 843 3909 longitudine
858 3824 891 3888 iu
907 3833 1043 3910 quatuor
1057 3823 1153 3888 costis
1169 3823 1329 3909 oequaliter
1343 3823 1393 3886 in-

294 3925 371 4004 ciso,
396 3925 504 4012 sicque
533 3927 667 3992 siccabis
693 3926 733 3990 ad
764 3928 873 3990 solem.
923 3925 1005 3990 Post
1033 3925 1101 3988 haec
1131 3923 1316 3988 transduccs
1345 3926 1394 3988 cis

293 4030 421 4108 ferrum,
437 4029 522 4116 quod
538 4029 652 4092 dicitur
674 4030 830 4107 tornatile,
847 4029 977 4114 longum
999 4037 1031 4090 et
1052 4027 1251 4091 mediocriter
1265 4027 1393 4111 gracile,

294 4132 379 4217 quod
403 4129 495 4194 sitin
519 4152 582 4194 una
604 4129 785 4194 summitate
807 4131 948 4216 grossius
965 4130 998 4192 in
1021 4138 1157 4217 quatuor
1171 4127 1268 4192 costis
1282 4149 1395 4212 aequa-

292 4231 361 4295 liter
383 4255 579 4318 percussum,
600 4253 638 4295 ac
660 4231 763 4315 magis
786 4231 951 4317 magisque
974 4231 1089 4316 gracile
1110 4228 1272 4293 deductim
1290 4249 1393 4313 usque

293 4336 325 4396 in
351 4335 458 4415 finem,
488 4336 519 4398 iu
547 4333 638 4419 cujus
665 4333 813 4418 grossiori
839 4343 928 4418 parte
959 4333 1128 4418 inponatur
1157 4330 1241 4393 aliud
1273 4330 1393 4394 ferrum

648 4499 654 4528 ¹
673 4499 763 4548 “altior
771 4499 783 4518 '¹
795 4499 819 4547 in
832 4497 887 4546 Cod.
901 4495 997 4558 Guelplr.
