3216 5138
303 491 363 554 156
650 505 842 550 nascamur
867 503 971 547 ursan
995 504 1032 546 n.

298 669 331 725 et
354 661 462 744 accipe
484 657 646 744 saphirum
669 679 706 722 ac
727 658 824 722 viride
845 657 959 722 vitrum
981 655 1068 741 quod
1091 677 1109 718 a
1132 654 1236 717 calore
1257 653 1397 717 flamma

299 760 454 826 levissime
471 759 621 846 liquefiat,
637 767 740 823 terens
759 759 926 846 diligenter
946 781 1020 823 cunr
1040 778 1124 844 aqua
1144 777 1238 842 super
1257 755 1396 841 lapidem

299 863 523 948 porfireticum‚
538 871 570 925 et
590 884 662 926 cum
683 862 818 948 pincello
839 861 930 925 linies
952 882 1046 947 super
1061 860 1233 923 fracturam
1249 859 1397 922 subtilem

300 973 444 1029 tractum.
491 964 615 1027 Deinde
638 986 720 1049 poue
743 985 836 1050 super
857 964 999 1027 tabulam
1023 963 1166 1039 ferream,
1185 971 1217 1026 et
1237 962 1326 1025 eleva
1340 983 1398 1024 ras

299 1067 528 1154 aliquantulum
552 1088 592 1130 ex
616 1087 653 1130 ea
677 1075 766 1152 parte
789 1067 841 1128 ubi
862 1066 998 1129 fractura
1017 1075 1075 1142 est,
1095 1075 1133 1128 ut
1152 1064 1281 1128 flamma
1303 1085 1398 1148 super

300 1189 371 1231 eam
391 1169 551 1255 aqualiter
572 1177 720 1246 transeat,
740 1168 847 1254 sicque
869 1167 957 1230 mitte
978 1167 1010 1229 in
1032 1168 1157 1230 furnum
1178 1165 1397 1243 fenestrarum,

300 1292 480 1355 supponens
500 1269 587 1356 ligna
607 1269 732 1355 faginea
753 1270 836 1334 sicca
857 1279 889 1332 et
908 1269 1015 1355 ignem
1036 1269 1201 1355 paulatim,
1222 1267 1325 1334 donec
1340 1289 1397 1332 vas

300 1373 436 1436 calescat
461 1383 493 1436 et
518 1373 637 1435 cineres
660 1372 692 1434 in
714 1394 763 1450 eo,
786 1371 955 1457 statimque
977 1391 1058 1456 auge
1081 1370 1188 1456 ignem
1210 1380 1245 1434 ut
1267 1369 1397 1434 flamma

300 1483 431 1538 crescat.
477 1474 623 1561 Cumque
649 1473 762 1538 videris
788 1475 872 1561 quod
900 1473 951 1536 vix
983 1474 1139 1553 rubescat,
1166 1473 1274 1558 ejectis
1303 1473 1397 1558 lignis

300 1577 427 1642 obstrue
456 1577 622 1663 diligenter
650 1599 686 1641 os
716 1576 851 1640 fornacis
881 1587 914 1640 et
944 1577 1085 1639 foramen
1116 1574 1268 1660 superius,
1294 1574 1397 1638 donec

300 1679 423 1764 penitus
448 1677 653 1764 refrigeretur.
698 1679 815 1742 Ablato
831 1700 905 1754 uase
927 1679 993 1742 eice
1015 1678 1136 1742 cineres
1158 1676 1279 1763 absque
1302 1698 1396 1762 aqua,

301 1781 407 1868 sicque
421 1781 543 1845 lavabis
558 1782 634 1845 illud
650 1791 682 1846 et
696 1782 829 1846 habebis
844 1782 884 1845 ad
900 1803 980 1869 quos
997 1802 1071 1844 usus
1087 1781 1232 1844 volueris.

602 2573 833 2671 CAPUT
892 2577 1086 2672 XXXI.

750 2815 795 2857 DE
818 2815 951 2858 ANULIS.

384 2974 414 3037 X
432 2975 511 3038 vitro
527 2979 622 3041 etiam
645 2980 726 3043 fiunt
740 2982 823 3044 anuli
840 2982 901 3046 hoc
923 2983 1028 3048 modu.
1075 2984 1240 3073 Oompoue
1262 2989 1318 3054 tibi
1335 2992 1400 3054 fur-

403 3098 479 3139 num
508 3081 673 3164 parvulum
704 3084 814 3148 ordine
844 3107 907 3170 quo
938 3108 1034 3172 supra
1058 3097 1090 3151 et
1117 3091 1253 3170 vascula,
1283 3093 1401 3158 deinde

304 3177 430 3278 acquire
445 3178 501 3242 tibi
518 3181 647 3263 cineres,
660 3185 716 3264 sal,
730 3188 888 3270 pulverem
904 3189 991 3273 cupri
1006 3197 1038 3252 et
1052 3190 1227 3274 plumbum.
1274 3193 1400 3281 Hisque

304 3281 488 3366 compositis
511 3283 669 3372 distingue
692 3288 813 3352 colores
830 3289 899 3351 vitri
915 3312 995 3374 quos
1011 3291 1155 3373 volueris,
1171 3295 1400 3385 suppositoque

303 3383 377 3469 igne
392 3393 424 3446 et
438 3385 531 3471 lignis
547 3409 658 3475 coque.
706 3390 836 3456 Interim
851 3392 978 3478 acquire
992 3393 1050 3457 tibi
1064 3394 1185 3480 lignum
1202 3397 1401 3484 longitudine

303 3486 396 3550 unius
411 3489 515 3572 palmi,
532 3498 564 3553 et
579 3493 789 3576 grossitudine
804 3493 898 3557 unius
914 3494 1013 3579 digiti,
1029 3504 1061 3559 et
1075 3497 1108 3559 in
1120 3500 1213 3562 tertia
1228 3501 1297 3585 ejus
1309 3515 1401 3588 parte

304 3610 386 3674 poue
396 3591 532 3654 rotulam
542 3592 679 3676 ligneam
690 3594 852 3659 latitudine
863 3597 955 3659 unius
964 3597 1089 3682 palmae,
1102 3598 1146 3662 ita
1157 3612 1193 3663 ut
1203 3602 1285 3666 duas
1295 3615 1402 3689 partes

304 3691 382 3775 ligni
403 3699 512 3755 teneas
537 3693 570 3755 in
594 3715 701 3774 manu,
716 3705 748 3759 et
770 3699 872 3760 rotula
887 3719 982 3783 super
997 3721 1125 3764 manum
1145 3703 1255 3787 jaceat
1270 3707 1403 3773 firmiter

304 3792 392 3878 ligno
417 3795 599 3879 conjuncta,
625 3807 658 3860 et
681 3799 771 3862 tertia
798 3821 870 3884 pars
885 3800 963 3886 ligni
986 3823 1078 3886 super
1100 3806 1236 3868 rotulam
1252 3810 1401 3876 emineat.

305 3893 401 3968 Quod
416 3894 537 3980 lignum
552 3897 584 3962 in
596 3900 776 3965 summitate
787 3901 903 3988 gracile
914 3902 1080 3982 incidatur,
1093 3915 1125 3968 et
1133 3905 1177 3970 ita
1189 3909 1221 3972 in
1233 3910 1316 3976 ferro
1323 3914 1402 3997 juu-

303 4004 397 4082 gutur
405 3998 486 4062 sicut
489 3999 635 4086 jungitur
644 4003 675 4064 in
685 4002 778 4068 hasta
786 4003 909 4082 lancea3
923 4004 1007 4089 quod
1015 4006 1131 4070 ferrum
1137 4007 1254 4074 habeat
1262 4013 1402 4100 longitu-

304 4099 409 4164 dinem
421 4101 515 4165 unius
526 4104 632 4188 pedis3
656 4105 706 4169 cui
717 4105 838 4189 lignum
849 4106 1011 4185 inseratur,
1024 4118 1059 4170 ut
1074 4109 1106 4172 in
1116 4111 1268 4195 junctura
1279 4120 1403 4203 aequale

304 4203 344 4267 sit
358 4203 454 4289 ligno,
466 4213 498 4267 et
513 4204 554 4269 ab
565 4207 634 4292 ipso
646 4207 715 4270 loco
727 4205 873 4290 gracilius
884 4208 925 4270 sit
940 4208 970 4271 in
987 4211 1084 4274 finem
1099 4235 1200 4300 usque
1215 4217 1401 4299 deductum,

304 4305 357 4368 ubi
373 4307 502 4370 omnino
514 4309 555 4371 sit
569 4318 707 4371 acutum.
755 4305 798 4368 Et
806 4309 901 4392 juxta
912 4310 1079 4376 fenestram
1095 4314 1230 4382 fornacis
1246 4321 1277 4382 in
1287 4321 1402 4388 dextra

305 4419 402 4490 parte,
419 4409 480 4474 hoc
496 4411 591 4474 estin
608 4409 732 4473 sinistra
748 4419 811 4488 tua,
827 4419 890 4472 stet
913 4411 1032 4497 lignum
1050 4417 1262 4499 grossitudine
1279 4424 1401 4490 brachii
