3220 5138
301 488 343 552 40
663 507 853 554 rusorurur
876 507 978 552 arasa
1000 508 1022 551 1.
1075 484 1080 498 “

301 659 405 722 hieme
419 659 486 722 sine
501 677 596 745 aqua,
611 667 644 720 et
657 679 730 722 cum
746 679 859 744 purum
874 657 977 738 hierit,
991 658 1082 722 mitte
1096 656 1228 720 minium
1243 657 1276 722 in
1291 679 1390 722 cornu

298 769 332 826 et
349 761 479 825 infunde
493 762 624 837 clarum,
639 759 852 846 impositoque
866 759 955 845 liguo
976 781 1069 825 move
1084 760 1256 840 modicum,
1270 769 1304 826 et
1317 761 1390 824 inde

300 883 373 926 cum
385 862 518 948 pincello
533 861 629 948 imple
644 861 752 927 omnia
766 863 847 940 loca,
862 861 1025 949 inquibus
1044 883 1156 928 aurum
1171 863 1249 928 velis
1264 883 1389 947 ponere.

302 963 427 1036 Dehinc
453 985 537 1050 pone
562 964 693 1028 ollulam
717 985 791 1028 cum
817 964 937 1050 glutine
962 985 1056 1050 super
1076 965 1241 1044 carbones,
1264 975 1297 1028 et
1317 985 1389 1028 cum

301 1065 506 1152 liquefactum
528 1065 632 1144 hierit,
647 1064 792 1130 lundein
814 1065 970 1131 concham
985 1065 1053 1130 auri
1068 1074 1101 1130 et
1122 1067 1193 1130 lara
1215 1065 1291 1130 illud
1307 1065 1390 1128 inde.

302 1166 400 1242 Quod
414 1189 488 1232 curu
502 1166 652 1232 effuderis
666 1167 699 1230 iu
721 1167 817 1232 eliam
832 1166 999 1247 concham,
1015 1167 1049 1231 in
1062 1189 1126 1255 qua
1148 1177 1391 1254 purgamentum

301 1279 452 1350 servatur,
468 1291 575 1334 rursus
601 1271 732 1334 infunde
756 1271 866 1356 gluten
880 1270 1029 1350 calidum,
1043 1281 1076 1334 et
1098 1279 1210 1334 tenens
1231 1269 1264 1334 iu
1286 1269 1393 1355 palma

303 1395 415 1438 manus
430 1373 574 1453 sinistrae,
590 1395 682 1438 move
702 1373 867 1460 diligenter
881 1395 954 1438 cum
976 1372 1122 1458 pincello,
1135 1383 1168 1437 et
1189 1393 1273 1459 pons
1288 1381 1392 1436 utrum
1449 1403 1454 1412 ·

303 1475 438 1540 volucris
452 1476 589 1561 spissum
605 1485 661 1539 aut
674 1485 780 1555 tenue,
795 1475 841 1540 sic
855 1483 963 1539 lamen
978 1481 1013 1538 ut
1027 1474 1155 1560 glutinis
1167 1473 1327 1538 modicum
1342 1473 1392 1553 sit,

304 1577 378 1664 quia
393 1577 420 1642 si
442 1577 755 1664 superabundaverit,
770 1577 921 1664 nigrescit
942 1597 1052 1640 aurum
1067 1584 1100 1640 ct
1121 1597 1187 1640 uon
1208 1575 1319 1662 recipit
1332 1575 1393 1640 ful·

304 1701 425 1766 gorem.
470 1679 648 1766 Postquam
670 1689 777 1744 autem
792 1678 944 1744 siccatum
968 1678 1071 1758 fuerit,
1087 1678 1185 1764 polica
1206 1677 1284 1742 illud
1298 1678 1394 1742 dente

304 1782 354 1845 vel
363 1781 467 1867 lapide
476 1781 678 1866 sanguinario
686 1781 855 1868 diligenter
865 1781 984 1858 limata,
996 1789 1029 1844 et
1036 1781 1137 1866 polito
1145 1801 1240 1864 super
1251 1779 1393 1843 tabulam

303 1903 453 1947 corneam
467 1883 621 1968 aequalem
636 1903 674 1946 ac
688 1882 836 1947 lucidam.
882 1879 979 1957 Quod
994 1882 1020 1946 si
1035 1866 1274 1967 contigerit‘per
1295 1879 1394 1966 negli-

305 1985 445 2069 gentiam
460 1983 589 2068 glutinis
604 2004 669 2048 nou
684 1985 765 2048 bene
785 1984 879 2062 cocti,
894 1992 930 2047 ut
945 2005 1056 2048 aurum
1070 1984 1104 2047 in
1118 1983 1260 2048 fricando
1274 2003 1309 2047 se
1325 1983 1394 2068 pul-

306 2094 403 2164 veret,
418 2086 469 2149 vel
492 2107 557 2170 prae
577 2085 676 2150 nimia
697 2085 899 2172 spissitudine
920 2108 955 2151 se
976 2087 1088 2166 elevet,
1103 2085 1223 2150 habeas
1244 2107 1341 2172 penes
1362 2095 1394 2150 te

306 2187 425 2250 clarum
440 2196 531 2250 vetus
555 2187 624 2252 sine
644 2209 728 2275 aqua
743 2209 937 2274 percussum,
953 2197 986 2252 et
1006 2209 1083 2253 mox
1097 2210 1171 2253 cum
1195 2189 1331 2274 pincello
1354 2189 1395 2252 de

305 2287 418 2352 eodem
441 2289 601 2354 modicum
615 2312 653 2355 ac
675 2290 785 2356 leuiter
806 2313 900 2377 super
914 2313 1025 2356 aurum
1047 2290 1170 2370 liniens,
1184 2312 1258 2354 cum
1277 2291 1395 2355 siccum

306 2391 400 2454 luerit
413 2391 520 2455 denuo
533 2391 631 2456 dente
645 2393 694 2456 vel
710 2393 815 2479 lapide
829 2392 967 2458 hicabis.
1012 2391 1083 2457 Hoc
1106 2392 1202 2457 modo
1217 2401 1395 2479 argentum,

307 2492 498 2558 auricalcum
514 2499 546 2557 et
559 2514 692 2580 cuprum
707 2495 739 2558 in
754 2495 819 2560 suis
833 2493 910 2560 locis
925 2515 1024 2582 pones
1038 2503 1072 2560 et
1086 2493 1222 2559 fricahis.

603 3015 834 3128 ctPUT
890 3032 1117 3130 XXXII.

361 3247 527 3300 Quottono
551 3251 754 3298 nucumve
777 3253 925 3298 Prosunt
949 3253 1127 3298 LIBBORUM
1151 3253 1283 3298 STAGNO
1307 3255 1349 3297 ΒΤ

780 3353 920 3400 ΟΒΟΟΕΟ.

373 3501 387 3565 Ι
404 3524 477 3566 vero
489 3515 634 3569 neutrum
645 3506 802 3586 habueris,
814 3515 966 3570 ettamen
980 3527 1060 3591 opus
1072 3513 1161 3568 tuum
1171 3505 1398 3591 quoquomodo

384 3603 534 3668 decorare
548 3606 696 3686 volueris,
705 3607 779 3670 tolle
795 3616 944 3692 stagnum
960 3627 1075 3691 purum
1086 3616 1119 3670 et
1133 3627 1238 3669 rasum
1254 3606 1397 3670 minutis·

311 3704 400 3782 sime,
416 3704 498 3769 mole
527 3716 560 3769 et
584 3707 655 3771 lava
681 3709 763 3772 sicut
787 3730 909 3788 amum,
924 3717 957 3772 et
982 3731 1064 3794 poue
1086 3707 1198 3772 codem
1222 3707 1341 3792 glutine
1366 3707 1398 3771 in

312 3805 408 3869 literis
424 3806 475 3870 vel
491 3807 561 3872 aliis
576 3809 664 3889 locis,
690 3833 762 3898 quas
777 3811 912 3875 volueris
928 3831 1005 3873 auro
1021 3811 1070 3873 vel
1086 3817 1217 3896 argento
1232 3831 1354 3890 ornare,
1367 3820 1400 3874 et

311 3928 384 3970 curn
400 3908 524 3992 polieris
546 3911 652 3991 deute,
668 3913 744 3976 tolle
758 3933 886 3976 crocum
908 3933 982 3974 cum
997 3933 1061 3996 quo
1077 3911 1211 3975 sericum
1232 3912 1399 3990 coloratur,

312 4007 503 4091 perfundens
518 4010 605 4076 illurn
620 4015 706 4079 claro
728 4015 795 4080 siue
810 4035 903 4101 aqua,
919 4023 1037 4078 etcum
1054 4035 1109 4098 per
1130 4023 1255 4078 noctem
1271 4014 1400 4090 steterit,

312 4113 454 4196 sequenti
464 4111 515 4177 die
523 4135 596 4178 curu
607 4117 741 4202 pincello
750 4116 912 4202 cooperies
921 4117 1001 4193 loca,
1011 4137 1082 4200 quae
1091 4115 1226 4179 volueris
1234 4115 1384 4178 deaurare
1391 4143 1403 4195 i

312 4221 425 4276 caetera
448 4213 565 4280 habeto
588 4218 660 4282 loco
683 4217 816 4303 argenti.
864 4215 988 4280 Deinde
1013 4215 1108 4280 facies
1131 4217 1263 4282 subtiles
1283 4229 1400 4281 tractus

312 4313 395 4376 circa
410 4314 514 4380 literas
526 4327 558 4380 et
573 4319 648 4383 solia
658 4327 690 4383 et
705 4319 806 4382 uodos
818 4341 857 4381 err
871 4318 967 4381 minio
980 4340 1052 4382 cum
1063 4341 1180 4405 penna,
1189 4330 1222 4383 et
1237 4328 1400 4404 paraturas

312 4413 569 4482 vestimentorum
586 4441 623 4482 ac
639 4429 751 4484 coetera
767 4429 960 4484 ornamenta.
