3168 5140
629 935 999 1036 ADDENDA.

316 1236 363 1282 DE
385 1237 668 1284 ΤΕΜΡΕΒΔΜΕΝΤΟ
691 1236 786 1281 muru
811 1237 853 1282 ET
875 1237 1082 1297 vulturem,
1106 1239 1149 1284 m·
1171 1239 1326 1288 Lernan.

310 1393 341 1457 N
364 1393 536 1458 vermiculo
558 1401 672 1478 quartu
698 1415 771 1478 pere
798 1391 886 1456 minii
909 1393 1057 1458 addenda
1083 1404 1133 1459 est
1155 1395 1182 1459 ei
1211 1395 1371 1459 habeatur

331 1517 466 1580 quorum
482 1494 558 1557 inde
573 1495 660 1558 color
675 1495 716 1557 ed
732 1494 977 1558 illuminandum
992 1503 1024 1558 et
1039 1496 1152 1560 clarior
1167 1498 1256 1560 etad
1273 1519 1369 1581 regu-

261 1595 393 1660 landum
416 1595 548 1659 facilior.
594 1594 690 1669 Quod
704 1591 814 1680 utique
835 1593 1004 1679 diligenter
1024 1597 1133 1660 tritum
1148 1606 1181 1661 et
1201 1597 1233 1660 in
1250 1599 1370 1662 tenuis-

262 1696 378 1760 simum
401 1698 560 1782 pulverem
576 1695 750 1774 redactum,
773 1695 908 1758 addatur
922 1719 1033 1782 pamm
1052 1720 1145 1784 equae
1160 1707 1193 1761 et
1209 1720 1282 1762 curu
1298 1700 1369 1784 ipse

262 1799 491 1884 aliquantulum
514 1799 661 1876 molatur,
683 1797 762 1860 etin
783 1816 880 1860 cornu
903 1799 1114 1884 recolligatur,
1136 1810 1210 1886 poet
1224 1802 1369 1864 laventur

262 1896 385 1984 lapidee
414 1897 499 1984 aqud
520 1921 591 1984 quae
612 1899 646 1962 iu
668 1919 766 1961 cornu
789 1897 932 1962 similiter
953 1901 1140 1985 recipietur3
1172 1901 1235 1966 hoc
1257 1911 1366 1966 eutem

262 2007 411 2062 careatur
425 2020 466 2062 ne
480 1999 573 2062 nimie
588 2021 679 2084 equre
694 1999 888 2079 infundetur,
903 2001 1034 2086 quaudo
1049 2001 1174 2082 trititur‚
1198 2003 1284 2088 qudd
1300 2025 1367 2067 non

261 2099 362 2185 poeeit
382 2119 456 2162 cum
478 2099 578 2164 multu
600 2100 681 2164 bene
703 2120 788 2186 eque
809 2101 897 2180 moli,
927 2111 983 2166 eut
1004 2101 1121 2188 colligi.
1182 2103 1365 2168 Collectum

263 2208 370 2264 eutem
380 2200 412 2266 in
429 2221 526 2265 cornu
538 2223 612 2265 cum
627 2223 711 2288 equo
723 2223 821 2267 cornu
836 2202 945 2289 utique
956 2203 1043 2290 equd
1055 2205 1186 2290 repleto,
1199 2214 1367 2270 moveatur

262 2323 336 2366 cum
357 2302 444 2387 liguo
459 2312 492 2367 ct
506 2312 617 2388 postea
639 2304 761 2369 temdid
784 2305 903 2369 sinetur
926 2306 1132 2392 requiescere,
1154 2307 1257 2373 donec
1273 2309 1364 2373 color

263 2413 426 2489 separetur
436 2404 479 2468 ab
494 2426 578 2491 eque
589 2407 702 2490 jeceue
717 2407 750 2468 iu
766 2405 867 2470 fundo
882 2429 992 2486 cornu,
1004 2418 1037 2472 ct
1048 2419 1124 2472 tunc
1134 2409 1264 2474 demum
1280 2431 1366 2494 equa

263 2503 375 2570 leniter
390 2507 542 2593 ejicietur.
588 2507 684 2584 Quod
700 2530 772 2571 cum
790 2516 860 2572 tote
874 2510 976 2594 ejecta
990 2510 1094 2590 fuerit,
1117 2511 1250 2576 infunde
1264 2533 1364 2576 cornu

263 2608 382 2674 clarum
397 2609 459 2688 ovi,
475 2609 567 2674 etsie
583 2610 697 2675 exinde
712 2610 830 2695 poteris
845 2611 978 2695 operari.

307 2858 456 2924 Similiter
471 2861 649 2926 faciendum
664 2869 713 2924 est
727 2860 767 2924 de
781 2861 897 2940 lezuro,
919 2872 1054 2950 excepto
1069 2865 1167 2951 quod,
1183 2867 1214 2930 iu
1230 2867 1362 2935 distem-

264 2962 414 3048 perando,
436 2963 528 3026 tertie
550 2985 624 3048 pure
647 2962 712 3026 vini
734 2985 806 3026 cum
829 2965 915 3027 claro
937 2963 1113 3046 adhibebis,
1136 2966 1223 3054 quod
1246 2969 1362 3034 exinde

263 3065 351 3128 color
372 3065 506 3150 pulcrior
522 3073 554 3129 et
568 3065 681 3129 clarior
701 3067 769 3129 erit.
815 3065 916 3131 Lezur
931 3067 1099 3132 levandum
1117 3079 1166 3133 est
1187 3069 1271 3156 aquai
1286 3081 1362 3157 post

262 3166 373 3232 decem
389 3166 467 3245 dies,
490 3176 618 3254 propter
641 3167 787 3232 foetorem
809 3191 914 3248 suum,
937 3170 1144 3233 vermiculum
1164 3181 1271 3236 autem
1286 3182 1360 3257 post

263 3289 405 3334 mensem
427 3270 550 3336 duabus
572 3269 704 3350 vicibus,
727 3269 776 3332 vel
799 3269 916 3348 tribum
939 3269 1000 3334 hoc
1023 3281 1129 3336 eutem
1151 3281 1301 3338 caveatur
1317 3295 1358 3338 ne

262 3371 381 3437 clerum
396 3371 429 3434 iu
443 3371 550 3436 lezuro
565 3371 685 3436 diutius
700 3379 848 3436 moretur.

306 3635 432 3700 Eodem
446 3638 543 3702 modo
559 3636 738 3701 molendum
754 3645 803 3702 est
816 3636 915 3700 ridde
929 3637 970 3701 de
985 3635 1111 3702 Grecie.
1157 3639 1242 3703 Nam
1257 3640 1356 3706 viride

262 3745 407 3802 terrestre
419 3739 601 3801 molendum
611 3747 659 3802 eet
670 3737 766 3824 aqud,
777 3747 808 3802 et
818 3749 928 3822 postea
939 3739 971 3801 iu
981 3761 1019 3803 eo
1034 3741 1162 3824 ponitur
1173 3743 1287 3822 claren,
1298 3744 1355 3808 sed

261 3839 486 3903 tautummodo
505 3861 577 3902 cum
592 3840 677 3904 vino.
723 3839 862 3915 Quidam
884 3849 989 3904 eutem
1012 3841 1182 3905 infundunt
1199 3843 1307 3907 viuum
1322 3845 1355 3908 in

262 3961 338 4006 vase
353 3961 470 4026 cupreo
485 3952 517 4005 et
530 3942 665 4006 miscent
679 3942 776 4006 ridde
792 3965 864 4006 cum
878 3943 963 4021 vino,
977 3942 1092 4006 deinde
1106 3953 1263 4028 reponunt
1277 3947 1354 4011 illud

178 4055 179 4058 ’
260 4043 293 4106 in
308 4044 380 4107 loco
402 4045 630 4130 aliquantulum
652 4043 796 4124 humido,
817 4051 890 4108 octo
913 4044 1035 4124 diebus,
1057 4053 1169 4130 postea
1191 4059 1357 4131 exponunt

259 4143 337 4209 illud
366 4145 407 4208 ud
437 4148 574 4210 calorem
600 4145 676 4210 eolis
704 4167 805 4231 usque
833 4145 873 4208 ed
900 4144 1056 4209 decimam
1085 4145 1197 4210 horem
1224 4148 1296 4228 diei,
1323 4159 1355 4213 et

259 4245 373 4311 iterum
396 4247 526 4312 mittunt
540 4248 571 4311 in
594 4249 699 4312 locum
721 4269 812 4312 suum
830 4247 870 4310 ed
889 4255 1014 4324 terrem,
1030 4256 1063 4309 ct
1091 4247 1138 4312 sic
1163 4250 1292 4314 cottidie
1306 4250 1353 4314 fa-

261 4348 464 4429 ciuutdouec
473 4351 514 4416 ed
523 4350 758 4436 spissitudinem
770 4349 932 4435 perveniat
942 4358 978 4416 ut
986 4349 1059 4417 inde
1070 4349 1205 4416 scribere
1216 4353 1352 4430 valeant,
