3140 5152
277 389 341 455 ³62
625 405 820 452 nascamur
844 405 948 448 ursan
971 405 1024 448 111.

279 583 361 648 pone
377 581 507 648 cuprum
528 559 696 624 ordinatim
713 558 833 644 absque
849 567 974 638 stagno,
999 565 1096 644 atque
1110 556 1307 619 intennisce
1321 577 1403 618 car-

279 663 378 728 bones
393 662 544 748 adjiciens
560 659 759 724 abundanter
771 659 925 744 superius,
942 659 1178 745 interjectisque
1189 659 1309 744 ignitis
1323 679 1403 721 car-

278 763 414 830 bonibus
431 766 480 829 fac
499 773 533 828 ut
548 763 639 828 folles
653 761 807 848 incipiant
821 759 909 838 flare,
927 761 1028 845 primd
1044 761 1262 838 mediocriter,
1273 761 1406 824 deinde

278 866 381 952 magis
390 889 428 932 ac
440 867 554 952 magis.
593 863 740 949 Cumque
752 863 868 926 videris
878 862 1041 927 flammam
1052 863 1185 927 viridem
1198 864 1402 940 ascendere,

273 971 341 1054 jam
357 969 468 1056 incipit
479 989 613 1054 cupmm
629 967 812 1053 liquescere,
829 985 970 1052 moxque
981 987 1076 1051 super
1088 987 1216 1052 ponens
1228 966 1402 1030 carbones

278 1069 487 1152 abundanter,
503 1091 626 1134 recurre
641 1069 681 1132 ad
707 1069 866 1132 fornacem
890 1068 1011 1146 formas,
1026 1078 1059 1132 et
1073 1089 1092 1131 a
1108 1068 1265 1153 superiori
1283 1068 1400 1153 incipe

279 1172 383 1258 longis
410 1172 581 1257 forcipibus
608 1171 729 1258 lapides
757 1170 891 1236 evellere
919 1181 952 1234 et
982 1171 1067 1236 fords
1093 1170 1262 1256 projicere.
1319 1171 1399 1234 Hoc

280 1295 361 1360 opus
376 1275 409 1338 in
424 1274 486 1339 boc
502 1275 573 1338 loco
589 1295 654 1338 non
664 1273 778 1360 quaerit
790 1273 899 1359 pigros
913 1273 1084 1359 operarios,
1098 1273 1154 1338 sed
1170 1273 1276 1358 agiles
1291 1283 1397 1360 atque

280 1377 451 1460 studiosos,
467 1401 507 1443 ne
521 1378 710 1464 cujusquam
726 1375 856 1457 incuria,
872 1377 921 1440 rel
935 1376 1038 1439 forma
1053 1376 1231 1464 frangatur,
1248 1379 1302 1442 vel
1319 1379 1396 1464 quis

279 1481 376 1545 alium
392 1481 543 1568 impediat
557 1490 613 1544 aut
634 1479 738 1558 laedat,
753 1479 820 1544 sive
840 1479 880 1542 ad
900 1478 1096 1544 iracundiam
1118 1491 1283 1566 provocet,
1299 1481 1390 1566 quod

280 1585 411 1650 omninb
425 1583 601 1650 cavendum
617 1594 674 1646 est.
721 1581 840 1668 Ejectis
856 1603 931 1647 vero
946 1581 1075 1649 ornnind
1090 1583 1250 1669 lapidibus
1266 1593 1300 1647 et
1314 1585 1392 1668 igne

280 1687 387 1752 desub
404 1685 548 1751 certatim
570 1694 739 1772 reponatur
757 1695 848 1764 terra,
864 1694 899 1748 ut
917 1685 1003 1750 fossa
1020 1687 1125 1750 omnis
1142 1686 1229 1750 circa
1250 1686 1389 1748 formam

281 1789 448 1873 diligenter
463 1788 629 1873 repleatur,
645 1797 678 1852 et
692 1787 756 1852 sint
775 1789 830 1876 qui
851 1809 976 1874 semper
990 1787 1185 1852 circumeant
1200 1811 1276 1852 cum
1292 1789 1390 1874 lignis

283 1891 415 1970 obtusis,
431 1889 630 1954 mediocriter
651 1889 859 1978 impingendo
876 1899 909 1954 et
928 1890 1062 1975 pedibus
1081 1891 1204 1954 fortiter
1218 1891 1388 1968 calcando,

282 2000 319 2056 ut
338 2001 421 2054 terra
440 2013 512 2078 quae
531 1991 691 2076 inponitur
709 1992 844 2056 formam
864 2001 996 2078 premat,
1015 2013 1054 2056 ne
1072 2015 1146 2058 cum
1167 1993 1297 2080 pondrm
1316 1993 1389 2058 aar'm

284 2091 458 2160 infunditur
472 2093 635 2160 ullomodo
652 2095 755 2182 frangi
770 2096 879 2182 possit.

330 2882 466 2968 Repleta
478 2883 572 2967 igitur·
580 2882 641 2946 hoc
653 2882 750 2946 modo
762 2881 847 2948 fossa
859 2885 1012 2970 usquead
1024 2907 1193 2966 summum,
1209 2907 1334 2950 recurre
1344 2887 1388 2951 ad

286 2984 433 3063 cacabos
443 2995 476 3050 et
486 2986 574 3071 ligno
585 2986 682 3071 longo
692 2993 724 3049 et
733 2985 853 3050 torrido
864 3008 1030 3052 commove
1042 3009 1185 3074 cupnrm,
1196 2989 1264 3054 etsi
1278 3011 1388 3054 sense-

287 3089 329 3153 ris
345 3087 473 3154 ornnind
488 3085 691 3174 liquefactum
706 3087 822 3174 inpone
838 3099 998 3176 stagnum,
1015 3113 1202 3180 rursumque
1218 3113 1388 3156 commove

287 3193 453 3280 diligenter
469 3201 504 3256 ut
518 3192 600 3256 bene
614 3191 866 3271 commisceatur,
884 3193 1048 3280 fractaque
1063 3195 1191 3260 fornace
1206 3195 1238 3258 in
1253 3195 1386 3258 circuitu

289 3297 402 3362 induce
420 3296 485 3362 duo
501 3295 589 3382 ligna
603 3295 697 3360 fortia
715 3303 748 3358 et
762 3295 859 3382 longa
875 3295 907 3359 in
923 3317 1015 3360 aures
1030 3297 1151 3379 cacabi,
1172 3296 1387 3384 adhibitisque

288 3399 361 3463 viris
373 3400 507 3464 strenuis
519 3408 551 3462 et
563 3399 594 3460 in
604 3397 665 3461 hac
675 3407 742 3462 arte
754 3398 870 3482 peritis,
887 3399 937 3462 fac
947 3421 1019 3463 eum
1031 3400 1127 3464 levari
1136 3421 1209 3464 cum
1218 3399 1305 3464 omrri
1314 3399 1387 3462 dili-

288 3503 396 3587 gentia
405 3511 437 3565 et
446 3501 486 3564 ad
499 3499 632 3563 formam
646 3498 769 3578 deferri,
786 3501 958 3590 ejectisque
969 3502 1159 3566 carbonibus
1170 3512 1203 3566 et
1214 3501 1328 3565 favillis
1338 3512 1386 3564 at·

288 3623 349 3688 que
359 3601 508 3687 imposito
518 3603 681 3666 collatorio
691 3623 797 3687 panno
809 3603 859 3666 fac
870 3609 995 3670 morose
1005 3604 1136 3670 infundi.
1162 3601 1292 3668 Interim
1302 3603 1387 3667 cuba

284 3705 378 3792 juxta
393 3726 429 3768 os
446 3704 557 3768 forma
574 3704 682 3768 auditu
699 3705 865 3791 diligenter
880 3706 1085 3792 considerans
1101 3706 1237 3793 qualiter
1251 3709 1289 3770 eb
1303 3705 1387 3770 intro

288 3807 458 3894 procedat;
483 3816 516 3872 et
530 3807 556 3872 si
568 3808 702 3873 senseris
718 3808 808 3896 quasi
823 3809 892 3874 leve
904 3829 1045 3872 murmur
1059 3809 1188 3888 tonitru,
1199 3809 1250 3873 dic
1266 3817 1301 3872 ut
1315 3830 1386 3872 mo-

289 3912 359 3978 dice
374 3919 514 4004 teneant,
533 3933 720 3998 mrsumque
739 3909 925 3992 infundant;
949 3911 1057 3998 sicque
1075 3912 1233 3976 interdum
1248 3909 1387 3976 tenendo

288 4015 458 4080 etiterum
484 4014 681 4080 infundendo
710 4015 767 4078 liat
796 4021 831 4077 ut
860 4035 903 4076 aes
927 4013 1088 4100 aequaliter
1114 4015 1259 4095 resideat,
1284 4015 1387 4082 donec

289 4129 458 4183 evacuetur
483 4118 621 4183 cacabus
646 4115 707 4180 ille.
754 4114 828 4190 Quo
852 4125 973 4197 amoto,
1000 4139 1076 4182 mox
1102 4117 1182 4182 alter
1204 4118 1329 4182 delatus
1355 4119 1387 4182 in

289 4221 402 4284 codem
420 4221 490 4286 loco
511 4227 678 4298 statuatur,
694 4219 751 4282 liat
772 4217 811 4282 de
830 4239 868 4282 eo
885 4219 966 4282 sicut
983 4243 1023 4284 ex
1040 4221 1144 4308 priori,
1160 4231 1192 4285 et
1208 4219 1274 4306 pari
1290 4220 1387 4286 modo

288 4325 330 4388 de
345 4323 436 4388 tertio
451 4323 554 4388 donec
570 4345 613 4388 ass
629 4321 660 4386 in
675 4320 828 4386 infusorio
845 4321 997 4386 videatur.
1042 4323 1111 4388 Nec
1127 4324 1233 4388 statim
1250 4322 1387 4388 cacabus
