3168 5140
285 511 349 574 398
631 535 824 580 ranorum
849 537 952 583 arnan
978 539 1030 584 ur.

396 683 458 747 Per
472 693 597 762 terram,
613 693 707 774 etque
723 686 813 749 simul
824 688 920 773 juaeit
935 711 985 754 me
1001 711 1138 778 quaerere
1154 701 1297 755 acetum.

396 787 489 852 Utilia
503 809 554 852 ara
569 789 637 852 istie
651 789 744 852 rebus
759 789 959 878 calidumque
973 813 1124 856 cruorem.

395 885 446 952 Ex
463 889 560 974 lryrco
575 890 705 977 ingenti,
721 913 815 980 quem
831 893 940 958 sollers
956 905 1097 980 tempore
1114 915 1211 980 parvo

393 988 504 1056 Herbi
517 1013 557 1056 ex
573 992 689 1058 hedera
705 995 776 1058 forti
791 995 866 1081 poni
881 1005 965 1060 tecto
981 997 1155 1083 religatum.

392 1091 553 1182 Sanguine
568 1118 640 1160 cum
655 1097 759 1162 calido
774 1107 847 1184 poet
861 1097 929 1162 haec
943 1119 1066 1164 vermes
1080 1107 1113 1162 et
1127 1107 1256 1162 acetum

395 1195 513 1277 infudi,
528 1219 566 1262 ac
581 1209 681 1264 tutam
697 1201 803 1265 fialam
818 1201 901 1268 ctare
917 1202 1105 1265 renitentem

395 1299 500 1379 qui3
522 1323 587 1389 quo
603 1301 687 1367 facto
703 1303 854 1389 temptari
869 1303 1011 1389 sculpere
1027 1303 1143 1366 vitrum

392 1401 476 1466 Cum
491 1404 571 1469 duro
585 1405 690 1490 lepide
705 1406 806 1494 piritie
822 1407 948 1471 nomine
963 1407 1061 1471 dicto.

599 1835 840 1934 CAPUT
901 1838 1107 1935 OHL¹

621 2051 666 2094 DE
690 2051 838 2095 PICTURA
863 2051 905 2094 Ex
930 2051 1045 2095 VITRO.

394 2201 501 2352 EX
519 2201 599 2264 vitro
615 2201 727 2289 siquis
743 2201 913 2288 depingere
928 2203 1055 2266 vascula
1070 2203 1190 2290 quaerit,

514 2305 622 2390 Eligat
638 2305 704 2390 ipae
719 2305 799 2368 duas
815 2304 854 2366 de
870 2303 939 2367 rulo
955 2327 1110 2368 marmore
1128 2315 1243 2390 petrae.

394 2408 480 2474 luter
494 2431 574 2496 quae
589 2408 703 2471 vitrum
720 2429 885 2472 romanum
900 2417 1051 2486 conterat,
1067 2417 1186 2472 etcum

394 2511 439 2574 Ut
454 2512 555 2598 pulvis
570 2521 659 2575 terrae
676 2510 768 2574 fuerit
783 2509 899 2595 pariter
915 2511 1097 2574 resolutum.

392 2613 464 2678 Hoc
480 2615 575 2680 faciat
590 2613 743 2700 liquidum
758 2615 843 2678 clara
859 2613 1049 2699 pinguedine
1065 2613 1205 2699 gummi;

392 2715 516 2802 Septies
532 2717 593 2780 hoc
609 2715 729 2782 scilicet
745 2738 829 2803 aqua
845 2717 943 2781 nitide
958 2716 1050 2780 ablue
1065 2717 1159 2780 clara.

393 2817 473 2883 Post
488 2821 555 2884 haec
571 2819 723 2906 depingat
737 2819 870 2906 paginas
885 2840 965 2907 quae
979 2819 1072 2881 finxit
1087 2818 1218 2882 honeate

396 2922 543 3008 Figulus:
568 2925 629 2988 hoc
647 2923 732 2987 lacto
749 2943 899 2986 succense
914 2921 1047 3006 inponat
1062 2921 1190 2985 easdem

395 3023 539 3103 Forum,
555 3035 739 3110 caveatque,
755 3023 847 3088 simul
863 3045 927 3111 quo
943 3033 1023 3088 terra
1039 3023 1172 3109 probata

392 3126 461 3190 Has
476 3138 591 3207 teneat,
607 3129 670 3213 qud
687 3127 731 3190 sic
748 3126 874 3190 valeant
889 3126 1016 3191 obstare
1031 3126 1144 3190 calori:

395 3231 531 3319 illasque
548 3231 642 3296 faciat
657 3231 748 3316 plena
764 3227 879 3292 virtute
894 3229 1038 3293 nitentes·

587 3484 1073 3503 ·u—-—-—-——-—-v--·-

615 3667 849 3764 CAPUT
910 3657 1092 3762 CIV.'

679 3873 723 3916 DE
747 3872 860 3915 vlnml
884 3869 999 3914 VITRO.

362 4026 412 4092 Ul
429 4027 522 4092 vultis
538 4031 714 4115 preciosum
731 4028 844 4093 vitrum
860 4025 974 4103 facere,
987 4023 1115 4088 auribus
1131 4022 1279 4108 percipite
1292 4021 1381 4090 hanc

383 4141 481 4195 artem
498 4154 594 4219 quarn
617 4133 707 4196 vobis
727 4131 767 4195 de
792 4129 873 4192 vitro
896 4128 1030 4191 scribere
1045 4125 1162 4189 curavi.
1209 4122 1380 4192 Pulverem

277 4231 340 4294 arsi
360 4232 518 4317 sulphuris
535 4255 606 4296 curn
623 4232 721 4296 viride
737 4233 818 4295 vitro
833 4230 992 4318 indagavi,
1015 4228 1194 4315 pariterque
1215 4230 1378 4312 pulverem

276 4334 339 4398 arei
355 4334 443 4420 cupri
461 4335 554 4398 michi
571 4336 711 4423 quaesivi.
759 4333 882 4397 Deinde
899 4335 1011 4398 vitrum
1029 4331 1121 4394 valde
1141 4330 1259 4394 clarum
1281 4355 1379 4418 supra

408 4475 414 4506 ¹
433 4481 448 4504 ‘¹
459 4478 543 4526 Eraclii
552 4479 564 4499 '¹
581 4481 687 4542 crepitula
699 4487 736 4526 eat.
946 4475 956 4504 ¹
973 4480 989 4505 ‘⁴
999 4475 1103 4524 llraclii”
1119 4492 1172 4537 cap.
1185 4483 1222 4523 eat.
