3140 5152
303 412 368 476 322
641 435 836 480 nascamur
860 437 964 482 arnas
986 439 1039 482 111.

562 719 791 818 CAPUT
850 721 1126 822 LXXlIL

664 950 709 992 DE
732 949 844 995 ornan
866 949 1039 996 Pmttmu.

310 1095 606 1248 FlUNTetiam
627 1099 753 1163 laminae
775 1100 816 1164 de
839 1121 948 1186 cupro,
972 1099 1069 1164 modo
1094 1121 1159 1187 quo
1187 1099 1357 1186 superius,
1386 1110 1421 1164 et

397 1201 559 1266 fodiuntur
578 1203 686 1288 gracili
701 1225 795 1288 opere
811 1203 996 1289 imaginum,
1009 1203 1124 1268 florum
1137 1204 1204 1266 sire
1219 1203 1417 1282 bestiarum,

307 1313 340 1368 et
355 1305 400 1370 ita
413 1305 590 1391 disponitur
604 1327 694 1392 opus,
710 1315 745 1370 ut
759 1308 862 1391 campi
879 1306 1000 1391 parvuli
1014 1306 1087 1384 sint,
1097 1306 1212 1370 deinde
1228 1317 1418 1391 purgantur

308 1429 380 1472 cum
404 1407 511 1472 subtili
536 1407 659 1487 sabulO,
681 1419 713 1472 et
736 1429 808 1472 cum
829 1408 919 1473 lerris
941 1409 982 1472 ad
1009 1409 1071 1472 hoc
1101 1431 1181 1494 opus
1210 1409 1300 1493 aptis
1331 1407 1416 1492 poli-

309 1519 403 1576 untur
425 1517 457 1574 et
478 1511 667 1574 colorantur.
713 1509 795 1574 Post
818 1510 888 1575 haec
909 1513 991 1576 lerro
1016 1511 1183 1596 panetario
1207 1517 1413 1595 pungammr,

309 1613 394 1699 quod
415 1613 476 1677 hoc
496 1613 592 1677 modo
616 1613 778 1678 formatur.
829 1613 881 1678 Ex
901 1613 1036 1698 chalybe
1057 1613 1095 1676 fit
1113 1612 1230 1675 serrum
1252 1611 1295 1674 ad
1320 1633 1412 1674 men-

308 1735 415 1778 suram
444 1715 534 1802 digiti
558 1716 700 1802 longum,
726 1715 760 1779 in
784 1737 850 1780 nna
880 1715 1062 1780 summitate
1089 1713 1216 1799 gracile,
1241 1713 1275 1774 in
1308 1714 1410 1776 altera

308 1817 458 1902 grossius.
508 1817 604 1893 Quod
628 1841 701 1882 cum
727 1817 760 1882 in
784 1817 940 1906 graciliori
960 1825 1049 1904 parte
1073 1815 1234 1902 aequaliter
1257 1815 1409 1878 limatum

309 1917 409 1996 luerit,
429 1939 502 1982 cum
524 1920 729 1985 subtilissimo
749 1921 830 1984 lerro
845 1929 877 1984 et
896 1919 1042 1984 malleolo
1062 1919 1234 2006 percutitur
1248 1918 1283 1981 in
1297 1917 1408 1981 medio

309 2021 376 2104 ejus
395 2018 508 2084 subtile
528 2021 681 2102 foramen,
709 2023 823 2088 deinde
842 2024 926 2088 circa
948 2021 1054 2108 ipsum
1074 2021 1217 2084 foramen
1235 2019 1410 2106 diligenter

308 2123 444 2202 limatur,
468 2122 570 2188 donec
585 2146 641 2188 ora
656 2127 723 2212 ejus
739 2127 770 2190 in
786 2127 916 2190 circuitu
936 2125 1098 2212 aequaliter
1112 2131 1205 2187 acuta
1220 2123 1288 2202 fiat,
1310 2122 1357 2185 ita
1372 2131 1409 2184 ut

308 2245 498 2314 quocunque
522 2227 714 2312 percutiatur
736 2228 936 2294 brevissimus
958 2227 1093 2292 circulus
1115 2235 1277 2312 appareat.
1324 2223 1409 2286 Post

309 2329 376 2393 haec
392 2329 493 2414 ipsum
509 2329 626 2394 sermm
643 2329 766 2394 modice
781 2331 980 2410 calefactum,
1001 2339 1038 2393 ut
1052 2329 1104 2392 vix
1119 2327 1301 2404 candescat,
1324 2335 1406 2389 tern-
1521 2383 1522 2422 3

309 2441 434 2518 peretur
457 2430 489 2494 in
513 2451 608 2518 aqua.
654 2431 780 2496 Deinde
803 2441 876 2498 tene
901 2433 1004 2520 ipsum
1021 2433 1138 2496 sermm
1159 2428 1289 2494 sinistra
1307 2449 1407 2490 manu

309 2541 341 2598 et
356 2533 537 2598 malleolum
563 2533 685 2612 dextre,
714 2532 886 2622 sedeatque
911 2556 990 2621 puer
1015 2545 1089 2599 ante
1112 2543 1145 2597 te
1170 2532 1227 2617 qui
1250 2531 1407 2594 laminam

309 2645 416 2700 teneat
429 2657 524 2722 super
546 2635 703 2715 incudem,
718 2645 751 2702 et
772 2647 860 2722 aptet
873 2637 907 2700 in
925 2637 1004 2700 locis
1019 2636 1084 2700 suis
1098 2635 1131 2697 in
1146 2633 1261 2721 quibus
1277 2655 1408 2717 percus-

308 2760 400 2804 surus
429 2759 473 2818 es,
500 2737 609 2826 sicque
635 2739 835 2804 mediocriter
863 2739 1041 2826 percutiens
1070 2736 1307 2823 superterram
1332 2755 1407 2798 cnm

308 2840 453 2904 malleolo
477 2839 574 2925 imple
598 2861 747 2926 campum
773 2861 873 2905 unum
897 2839 1109 2905 subtilissimis
1133 2837 1259 2902 circulis
1281 2845 1409 2924 quanto

308 2939 437 3028 propius
452 2941 554 3026 possis
569 2943 763 3028 conjungere
782 2965 882 3008 unum
897 2943 995 3008 alteri.
1041 2941 1183 3028 Impletis
1198 2939 1320 3023 campis
1336 2959 1410 3002 om·

308 3041 401 3107 nibus
415 3041 448 3108 in
463 3041 548 3107 hunc
562 3043 693 3108 modum
707 3067 790 3131 pone
804 3045 906 3132 ipsam
921 3045 1073 3109 laminam
1088 3064 1183 3130 super
1196 3062 1316 3128 prunas
1330 3063 1410 3105 ean-

309 3145 430 3227 dentes,
446 3167 546 3234 usque
561 3147 779 3234 percussiones
794 3147 855 3212 illas
868 3147 989 3212 fulvum
1005 3147 1142 3214 colorem
1158 3143 1321 3230 recipiant.

588 3698 820 3798 CAPUT
877 3696 1117 3794 Lxxlu

663 3916 726 3964 'DE
748 3917 859 3963 OPBRB
882 3915 1034 3962 DUG'HLI.

391 4063 576 4130 ERCUTE
592 4067 731 4131 tabulam
744 4087 871 4130 auream
887 4065 953 4130 sive
968 4073 1153 4151 argenteam
1163 4070 1292 4151 quantae
1303 4063 1413 4150 longi-

404 4165 522 4232 tudinis
536 4175 569 4231 et
583 4166 757 4232 latitudinis
772 4168 848 4233 velis
863 4167 905 4232 ad
920 4166 1089 4232 elevandas
1104 4164 1269 4252 imagines.
1309 4162 1412 4239 Quod

312 4291 424 4336 aumm
442 4271 492 4334 vel
513 4279 689 4356 argentum,
711 4293 784 4336 cum
809 4270 910 4357 primo
933 4269 1061 4348 fuderis,
1084 4268 1250 4354 diligenter
1271 4265 1413 4332 circum·

314 4373 455 4438 radendo
470 4373 518 4438 vel
539 4373 690 4440 fodiendo
705 4375 835 4462 inspice,
856 4397 895 4438 ne
919 4374 1000 4438 forte
1020 4373 1127 4460 aliqua
1144 4367 1250 4436 v‘esica
1264 4369 1333 4432 sire
1358 4372 1414 4435 fis-
1521 4453 1522 4474 Χ
