3140 5152
281 506 345 568 302
627 524 820 568 rasorium
845 524 949 570 arasa
973 527 1026 570 rn.

283 676 401 754 fendat,
417 674 582 760 diligenter
607 675 746 740 infunde.
793 675 865 740 Hoc
891 677 987 740 modo
1012 677 1121 740 formis
1144 677 1283 762 utrisque
1301 675 1386 739 fusis

282 778 349 842 sine
375 787 468 856 stare,
484 778 586 841 donec
613 777 799 842 infusorium
812 779 966 864 ¹superius
989 779 1163 864 nigrescat,
1191 778 1305 842 deinde
1331 800 1379 842 re-

284 887 372 943 mota
395 889 477 942 terra
502 887 534 943 et
559 901 578 943 a
603 879 695 945 fossis
719 889 877 945 extractas
898 901 1014 966 repone
1038 881 1155 944 intuto
1179 881 1259 958 loco,
1274 880 1380 942 donec

282 980 411 1045 omnino
427 981 607 1066 frigescant,
619 1004 736 1046 cavens
752 1005 950 1069 summopere
965 1005 1005 1047 ne
1016 984 1126 1048 calidis
1141 983 1250 1046 formis
1261 1003 1380 1069 aquam

282 1083 482 1169 superjacias,
497 1083 572 1170 quia
596 1084 757 1148 interiores
781 1085 895 1164 nuclei,
918 1086 942 1149 si
971 1084 1135 1150 humorem
1160 1086 1380 1171 persenserint,

281 1185 388 1248 statim
410 1185 559 1250 inflantur
574 1197 606 1250 et
620 1208 715 1250 omne
739 1209 817 1272 opus
832 1187 1052 1274 disrumpetur.
1097 1187 1245 1274 Cumque
1267 1209 1323 1272 per
1344 1209 1381 1250 se

283 1288 471 1374 refrigeratis
496 1288 639 1376 argillam
666 1290 844 1368 removeris,
870 1289 1035 1376 diligenter
1061 1289 1277 1374 circumspice,
1298 1297 1330 1352 et
1353 1289 1382 1352 si

283 1391 360 1476 quid
382 1391 574 1478 negligentia
589 1392 637 1455 vel
661 1413 736 1456 casu
752 1391 896 1471 defuerit,
911 1393 1016 1456 locum
1039 1391 1129 1456 illum
1149 1392 1382 1456 circumliman-

283 1495 360 1558 dum
376 1493 566 1570 attenuabis,
582 1501 614 1556 et
629 1493 775 1578 apposita
789 1515 872 1573 cera,
888 1515 947 1558 nec
962 1517 1026 1558 non
1041 1495 1155 1580 argilla
1175 1494 1293 1573 addita,
1309 1515 1387 1558 cum

283 1597 367 1662 sicca
398 1594 500 1672 fuerit,
530 1595 708 1676 calefacies,
738 1595 846 1682 sicque
876 1597 1094 1682 superfundes,
1124 1597 1226 1660 donec
1253 1595 1320 1658 rivo
1350 1597 1385 1658 in

283 1709 404 1786 partem
426 1699 621 1777 decurrente,
643 1699 729 1784 quod
752 1699 955 1785 superfundis
976 1699 1145 1764 adhaereat.
1191 1698 1286 1773 Quod
1305 1719 1381 1762 cum

283 1801 466 1888 respexeris,
482 1802 509 1863 si
531 1800 634 1864 minus
651 1802 776 1864 firmum
800 1801 901 1882 fuerit,
918 1823 990 1866 cnm
1016 1801 1234 1866 combustione
1249 1799 1383 1864 viniceae

284 1911 389 1987 petrae,
404 1911 437 1964 et
449 1902 595 1968 limatura
610 1924 649 1966 ex
673 1902 808 1967 mixtura
824 1904 945 1989 argenti
961 1911 993 1966 et
1008 1903 1107 1989 cupri,
1122 1903 1203 1967 sicut
1218 1903 1383 1987 prascrip-

283 2005 392 2081 simus,
407 2003 567 2067 solidabis.
614 2004 695 2068 Post
709 2004 778 2068 haec
794 2005 926 2070 diversis
942 2006 1025 2068 limis
1036 2005 1273 2091 quadrangulis,
1284 2004 1384 2068 trian-

283 2105 374 2190 gulis,
408 2113 503 2190 atque
538 2107 680 2170 rotundis
714 2127 846 2192 campos
877 2129 987 2173 omnes
1024 2109 1126 2192 primo
1156 2106 1384 2172 translimabis.

285 2205 411 2271 Deinde
435 2205 525 2271 ferris
547 2206 689 2273 fossoriis
711 2208 822 2288 fodies,
845 2218 877 2272 et
898 2209 1024 2274 rasoriis
1045 2209 1155 2290 rades3
1179 2209 1220 2274 ad
1237 2210 1386 2273 ultimum

283 2309 395 2372 sabulo
410 2331 483 2375 cum
498 2311 591 2397 lignis
613 2311 645 2374 in
661 2312 842 2376 summitate
864 2312 988 2376 modice
1005 2313 1225 2399 conquassatis
1242 2311 1387 2398 undique

285 2421 454 2496 purgatum
470 2435 551 2498 opus
564 2412 743 2478 deaurabis.

600 2983 840 3082 CAPUT
900 2986 1077 3081 LXII.

709 3207 755 3250 na
778 3187 951 3251 onrsms¹.

358 3357 478 3424 ATEN
485 3357 536 3422 AS
559 3357 701 3423 facturus
723 3357 859 3443 primum
882 3356 973 3420 trahe
988 3357 1042 3420 fila
1057 3357 1183 3421 subtilia
1197 3357 1263 3422 sive
1278 3379 1386 3443 gross-

401 3462 468 3526 iora
492 3461 524 3524 in
548 3483 646 3546 cupro
669 3460 735 3523 sive
753 3468 896 3544 argent0,
912 3467 944 3522 et
959 3457 1169 3523 circumflectc
1184 3481 1256 3524 cum
1271 3460 1387 3524 subula

285 3563 318 3624 in
333 3563 431 3626 tribus
454 3561 610 3641 auriculis,
633 3571 689 3624 aut
710 3569 856 3646 quatuor,
871 3561 919 3624 vel
943 3561 1094 3647 quinque,
1110 3562 1175 3624 sive
1191 3583 1256 3640 sex,
1272 3584 1386 3626 secun-

289 3663 365 3726 dum
375 3663 621 3748 grossitudinem
631 3683 728 3748 quarn
743 3663 888 3741 volueris,
899 3661 939 3726 ad
951 3683 1129 3727 mensuram
1139 3665 1387 3750 uniuscujusque

287 3765 414 3828 turibuli
431 3763 560 3828 minoris
579 3763 645 3828 sive
660 3764 799 3851 majoris.
846 3762 983 3828 Etcum
1006 3787 1117 3830 omnes
1140 3775 1269 3831 catenas
1291 3767 1384 3830 unius

286 3867 413 3930 turibuli
443 3865 475 3929 in
504 3888 600 3930 unam
631 3876 752 3952 partem
781 3867 947 3953 plexueris,
973 3869 1047 3933 tolle
1074 3868 1198 3954 lignum
1224 3877 1318 3932 tenue
1344 3889 1385 3932 ex

286 3992 403 4056 quercu
418 3969 484 4034 sive
500 3967 584 4054 fag0,
599 3979 632 4033 et
646 3970 696 4033 fac
711 3970 744 4032 in
759 3991 798 4034 eo
814 3970 913 4033 multa
925 3970 1081 4033 foramina
1093 3991 1164 4034 curn
1177 3971 1286 4055 gracili
1300 3969 1385 4033 ferro

286 4073 422 4137 rotundo
444 4081 475 4136 et
497 4071 611 4150 calido,
627 4092 683 4157 per
701 4093 772 4158 quaa
794 4071 951 4135 foramina
972 4081 1119 4135 catenam
1136 4073 1210 4158 igne
1226 4081 1384 4136 recoctam

286 4185 317 4238 ct
332 4175 548 4260 refrigeratam
571 4172 756 4236 transducas
779 4181 810 4236 et
827 4173 932 4238 denuo
949 4196 1110 4259 recoquas,
1127 4194 1314 4259 rursumque
1329 4194 1387 4257 per

286 4277 371 4340 alind
388 4277 529 4340 foramen
545 4275 730 4338 transducas
741 4283 774 4337 et
788 4295 949 4364 recoquas,
965 4277 1074 4363 sicque
1086 4277 1194 4355 faciae,
1211 4276 1312 4340 donec
1329 4297 1386 4360 per

286 4379 392 4448 omnia
407 4376 569 4464 aequaliter
584 4377 625 4440 sit
645 4399 788 4461 grossam
804 4387 836 4440 et
851 4378 1029 4442 rotundam.
1076 4377 1204 4442 Deinde
1221 4377 1323 4442 incide
1339 4379 1387 4461 ip·

600 4547 606 4576 ¹
625 4545 707 4598 ritiord
719 4551 735 4576 “
743 4547 846 4597 obetenis
855 4547 868 4566 ”
879 4550 906 4597 in
918 4549 972 4598 MS.
985 4548 1079 4596 Harlet
