3236 5144
308 407 372 474 264
667 429 855 474 ranorum
879 429 985 473 mana
1007 430 1059 474 111.

308 601 381 644 cum
406 579 575 646 deauratur
601 588 635 643 et
658 601 753 664 super
778 579 886 666 ignem
901 581 1081 668 frequenter
1102 590 1135 645 et
1153 581 1209 646 diu
1232 581 1408 662 coloratur,

309 683 471 746 elevantur
492 704 548 768 per
562 683 632 748 loca
656 683 786 748 subtiles
806 683 930 762 vesica,
945 705 1018 769 quae
1041 706 1115 748 eum
1137 685 1325 771 frangrmmr
1347 706 1409 769 ap-

309 792 399 868 paret
413 793 592 869 argentum,
608 794 734 870 etopus
749 785 943 870 deturpetur,
959 807 1018 850 nec
1040 794 1148 872 potest
1168 786 1331 852 emendari
1345 784 1409 848 nisi

309 886 499 964 deauratura
513 887 643 950 omnino
658 887 816 966 eradatur,
832 895 865 950 et
878 887 983 954 denuo
998 886 1174 952 deauretur.

608 1372 853 1470 CAPUT
913 1371 1110 1469 XLVL

600 1613 647 1658 nn
668 1611 762 1658 nuno
784 1611 906 1657 ranan
928 1591 1108 1656 evitarat

397 1761 480 1828 URI
496 1763 597 1827 multa
611 1769 685 1826 sunt
699 1783 826 1846 genera,
835 1783 875 1825 ex
886 1761 1002 1848 quibus
1016 1761 1209 1850 praecipuum
1221 1762 1361 1827 nascitur
1371 1762 1406 1826 in

417 1874 500 1929 terra
527 1863 665 1942 Evilath,
681 1885 777 1949 quam
804 1861 944 1927 Phison·
965 1863 1080 1927 fluvius
1095 1865 1205 1928 circuit
1228 1864 1405 1929 secundum

309 1965 471 2030 Genesim.
517 1965 616 2050 Cujus
639 1986 746 2044 venas,
763 1985 836 2028 cum
852 1965 912 2029 sub
933 1974 1018 2029 terra
1039 1965 1214 2029 invenerint
1228 1966 1286 2029 viri
1308 1965 1405 2052 hujus

307 2068 383 2130 artis
399 2067 501 2152 periti,
516 2064 684 2146 effodiunt,
699 2074 733 2129 et
753 2065 827 2151 igne
850 2067 1053 2153 purificatum
1068 2076 1164 2154 atque
1179 2067 1305 2131 camino
1327 2088 1404 2152 pro-

307 2169 417 2234 batum
432 2169 465 2232 in
481 2190 557 2234 usus
572 2189 647 2232 suos
662 2167 819 2254 redigunt.

591 2612 832 2711 CAPUT
896 2611 1125 2710 XLVIL

682 2845 728 2889 DB
750 2843 842 2888 Anao
864 2840 1026 2886 laureo.

386 2993 436 3060 ST
456 3004 488 3060 et
502 3015 612 3058 aurum
629 2993 802 3056 Arabicum
817 2988 1080 3076 pretiosissimum
1094 2998 1128 3052 et
1147 2989 1253 3054 eximii
1269 2993 1403 3075 rubon'e,

406 3095 496 3181 eujus
523 3093 656 3159 neusin
682 3090 909 3178 antiquissimis
936 3089 1021 3153 vasis
1040 3089 1220 3176 frequenter
1239 3095 1402 3180 reperitur,

307 3199 397 3284 cujus
413 3196 550 3284 speciem
566 3195 709 3259 moderni
725 3193 859 3278 operarii
870 3189 1082 3270 mixtiuntur⁸,
1104 3191 1180 3256 dum
1192 3193 1308 3278 pallido
1323 3218 1402 3263 auro

306 3301 451 3386 quintam
476 3307 596 3383 partem
614 3295 701 3360 rubei
716 3295 803 3382 cupri
819 3294 951 3372 addunt,
978 3303 1010 3358 et
1025 3295 1142 3358 multos
1156 3295 1303 3360 incautas
1317 3297 1404 3362 deci-

306 3401 408 3486 piunt.
453 3398 551 3474 Quod
566 3399 628 3462 hoe
651 3397 748 3462 modo
765 3397 868 3460 caveri
884 3405 999 3481 potest,
1015 3404 1050 3459 ut
1073 3395 1215 3461 mittatur
1229 3399 1262 3460 in
1283 3397 1403 3485 ignem,

306 3511 339 3564 et
353 3502 380 3564 si
395 3522 509 3587 purum
532 3508 581 3564 eet
595 3521 719 3578 aurum,
729 3520 794 3563 non
810 3498 927 3562 amittit
938 3497 1106 3582 fulgorem,
1122 3499 1149 3562 si
1163 3521 1238 3564 vero
1254 3499 1403 3582 mixtum,

306 3601 437 3666 omnino
453 3609 557 3666 mutat
571 3601 719 3666 colorem.

566 3774 574 3804 ¹
592 3778 608 3802 “
619 3775 720 3835 Evilat‚”
730 3777 759 3825 ia
771 3777 827 3826 (lod.
841 3779 940 3842 Haupt.

566 3855 576 3886 ¹
593 3859 609 3884 ‘¹
621 3857 711 3920 Gyon‚''
721 3859 749 3907 in
762 3859 819 3908 ma
829 3861 929 3924 (ludet,
940 3857 1003 3908 mall
1013 3867 1122 3924 apparet

565 3935 647 3998 ἰ’πιό,
667 3939 853 3988 “ιιιίιοοιιιιῑιιτ.”
