3236 5144
284 523 349 585 220
635 543 824 588 runornrnr
849 543 952 586 uana
975 543 1028 586 111.

280 692 423 779 graciles,
460 693 596 772 rotundi,
634 703 755 772 tenues,
791 695 951 781 trianguli,
989 695 1210 781 quadranguli,
1245 695 1378 774 recurri,

281 804 375 880 prout
390 795 511 879 expetit
525 797 659 859 varietas
682 797 785 882 operis
808 797 948 875 formati,
970 796 1023 883 qui
1043 797 1157 860 malleo
1172 795 1290 860 debent
1305 818 1377 882 per·

280 896 354 960 cuti.
401 894 451 960 Fit
466 918 540 960 vero
562 897 679 961 ferrum
702 898 814 962 eodem
833 899 929 963 modo
944 899 1125 978 formatum,
1141 898 1197 962 sed
1212 898 1329 984 gracile
1344 898 1376 960 in

280 997 354 1076 fine,
369 996 400 1060 in
416 1021 481 1085 quo
495 1008 544 1063 est
568 999 708 1065 foramen
730 1003 828 1066 altero
850 1002 933 1065 ferro
953 1001 1117 1086 graciliore
1132 999 1279 1078 inditum,
1295 1000 1374 1064 etin

280 1097 410 1164 circuitu
436 1101 591 1182 limatum,
617 1103 704 1190 quod
731 1125 803 1168 cum
831 1125 1015 1190 percussum
1041 1103 1137 1167 fuerit
1165 1103 1199 1166 in
1225 1124 1302 1166 auro
1326 1103 1375 1166 rel

280 1211 411 1287 argento
441 1204 507 1270 sive
539 1227 637 1290 cupro
673 1205 836 1286 deaurato,
868 1216 999 1292 apparet
1030 1205 1123 1292 quasi
1153 1204 1376 1269 subtilissimus

279 1303 423 1370 circulus.

575 1487 1083 1502 ,........-.-----.-.---.

596 1691 840 1788 CAPUT
903 1687 1048 1786 xit

623 1911 670 1953 DE
693 1911 812 1954 rutulus
836 1910 1028 1954 memorius.

281 2055 469 2208 FIUNT
483 2080 611 2145 quoque
632 2059 705 2122 ferri
720 2059 857 2123 incisorii
872 2059 946 2124 talis
968 2059 1206 2146 magnitudinis,
1222 2067 1258 2123 ut
1279 2061 1373 2146 plena

354 2181 450 2223 manu
460 2169 637 2240 teneantur,
649 2170 681 2224 ct
692 2183 785 2248 super
793 2181 923 2224 manum
933 2161 1102 2238 emineant,
1115 2160 1170 2224 lati
1181 2171 1213 2225 et
1224 2163 1372 2248 aquales,

277 2261 404 2326 inferius
418 2262 513 2326 etiarn
529 2283 658 2326 manum
674 2263 840 2344 excedant,
853 2263 918 2342 lati,
934 2273 1044 2327 tenues
1059 2271 1091 2327 et
1106 2262 1200 2326 acuti.
1247 2261 1371 2326 Horum

277 2364 358 2428 liunt
379 2365 469 2429 multi
492 2364 580 2450 parvi
595 2374 627 2428 et
642 2365 761 2452 magni,
776 2367 892 2452 quibus
913 2365 1062 2430 inciditur
1077 2387 1188 2429 aurum
1204 2375 1236 2430 et
1258 2386 1372 2452 argen-

277 2477 346 2531 tum
361 2467 427 2532 sive
443 2489 575 2553 cuprum
591 2467 738 2554 spissum.

604 2913 844 3008 CAPUT
906 2911 1013 3008 XV

503 3143 549 3186 ΠΒ
572 3143 692 3186 ramus
715 3143 763 3186 An
787 3143 975 3186 alemanos
998 3139 1137 3186 CLAVOS.

336 3289 428 3356 UNT
458 3303 490 3356 et
504 3291 575 3356 ferri
602 3303 712 3357 tenues
737 3303 770 3357 et
794 3293 893 3358 stricti
915 3291 1074 3378 perforati,
1089 3289 1122 3352 in
1148 3288 1263 3376 quibus
1286 3289 1367 3354 clari

355 3396 543 3481 capitnntur,
561 3395 678 3480 magni,
695 3395 869 3458 mediocres
884 3404 916 3458 et
933 3394 1029 3479 parvi.

756 3631 779 3638 ..-
793 3629 890 3637 --—·--
949 3630 1067 3638 -σ--α-

600 3807 840 3905 CAPUT
900 3807 1042 3904 XVL

612 4031 657 4074 DE
673 4031 793 4076 FERBIS
817 4031 1021 4075 masurius·

331 4187 424 4254 UNT
454 4187 548 4252 etiarn
572 4183 643 4249 lerri
674 4181 826 4260 inlusorii,
852 4180 950 4266 longi,
978 4179 1103 4244 rotundi
1127 4187 1159 4242 ct
1184 4178 1307 4264 quadri,
1332 4177 1363 4242 in

350 4294 464 4381 quibus
476 4289 617 4354 funditur
629 4283 832 4371 liquefactum
845 4303 966 4360 aurum,
979 4289 1145 4367 argentum
1156 4280 1204 4344 rel
1220 4302 1362 4366 cuprum.

269 4397 350 4462 Sunt
365 4403 397 4460 et
420 4393 526 4460 circini
548 4390 638 4454 ferrei
662 4387 785 4452 duabus
802 4383 943 4471 partibus
967 4381 1146 4468 compositi,
1171 4383 1307 4468 majores
1331 4391 1364 4446 et

203 4567 206 4576 ,
269 4500 417 4576 minores,
435 4496 508 4560 recti
524 4505 557 4558 et
572 4491 668 4556 curri.
