3220 5138
645 531 834 576 'I'IIIIOPIIILI
859 535 962 578 LIBER
985 534 1006 577 1.

549 697 789 844 orror
849 746 1136 844 xxxvii

687 951 733 994 DE
755 951 870 995 vnum
893 951 1004 996 sumo·

361 1077 504 1144 lentem
539 1082 671 1148 viridem
693 1085 830 1149 colorem
857 1085 937 1148 velis
962 1085 1129 1162 conficere,
1155 1102 1244 1148 sume
1268 1079 1388 1166 lignum

379 1185 574 1270 quercinum,
589 1195 717 1272 quantae
739 1187 943 1273 longitudinis
958 1196 990 1251 ct
1005 1186 1177 1250 latitudinis
1193 1185 1341 1260 volneris,
1357 1193 1390 1246 et

297 1307 377 1348 cava
403 1285 478 1350 illud
498 1287 531 1350 in
555 1287 685 1352 modum
706 1289 821 1354 scrinii.
869 1288 994 1353 Deinde
1017 1289 1091 1353 tolle
1117 1308 1259 1375 cuprum,
1280 1295 1312 1349 et
1338 1285 1388 1348 fac

297 1386 370 1450 illud
387 1389 541 1452 attenuari
563 1388 597 1451 in
619 1391 763 1470 laminas,
778 1401 906 1477 quantas
929 1389 1103 1454 latitudinis
1120 1389 1207 1469 velis,
1223 1396 1259 1450 nt
1280 1397 1387 1451 tamen

296 1490 461 1576 longitudo
481 1491 550 1576 ejus
573 1491 733 1578 cooperiat
757 1492 952 1557 latitudinem
984 1494 1053 1558 cavi
1083 1491 1169 1577 ligni.
1216 1490 1296 1554 Post
1321 1489 1388 1552 haec

296 1593 404 1678 accipe
424 1594 587 1658 scutellam
603 1595 729 1679 plenam
756 1595 841 1672 salis,
863 1604 896 1658 et
925 1595 1136 1679 comprimens
1158 1614 1232 1657 enm
1257 1592 1388 1670 sortiter,

295 1694 385 1758 mitte
399 1693 432 1757 in
446 1695 551 1780 ignem
568 1704 601 1758 et
618 1695 744 1782 cooperi
764 1695 955 1760 carbonibus
977 1717 1033 1782 per
1055 1706 1192 1773 noctem,
1208 1704 1240 1758 et
1256 1695 1288 1756 in
1304 1715 1388 1758 eras·

294 1794 395 1859 tinum
411 1806 476 1860 tere
498 1818 570 1860 enm
586 1797 824 1884 diligentissime
846 1818 939 1883 snper
961 1797 1098 1883 lapidem
1112 1797 1241 1862 siccum.
1288 1795 1387 1860 Oum-

294 1919 356 1982 que
371 1899 530 1984 acceperis
546 1901 687 1964 surculos
702 1899 845 1986 graciles,
861 1899 982 1964 colloca
1004 1921 1059 1963 eos
1080 1899 1113 1962 in
1136 1899 1319 1983 praedictum
1334 1919 1387 1962 ca·

295 2011 401 2065 vatum
420 2002 552 2088 lignum,
566 2003 611 2066 ita
634 2012 669 2065 ut
690 2001 761 2067 dnm
783 2013 888 2088 partes
911 2002 980 2066 ccvi
1002 2003 1066 2066 sirit
1087 2002 1227 2080 inferius,
1242 2011 1274 2065 et
1296 2001 1387 2067 tertia

294 2103 446 2189 superius,
471 2104 598 2191 sicque¹
632 2105 765 2169 laminas
789 2127 921 2191 cupreas
947 2125 987 2168 ex
1022 2113 1155 2192 utraque
1179 2115 1270 2190 parte
1296 2105 1387 2168 melle

293 2228 372 2292 puro
395 2227 567 2292 aspergens
583 2207 717 2292 desuper
739 2209 786 2271 sal
809 2209 927 2288 tritum,
943 2208 1113 2273 collocabis
1131 2229 1225 2292 super
1243 2208 1385 2271 surculos

293 2309 364 2372 illos
374 2308 579 2393 conjunctim,
595 2310 780 2395 cooperiens
795 2310 960 2396 diligenter
980 2311 1079 2374 altero
1094 2309 1180 2394 ligno
1195 2309 1236 2372 ad
1251 2307 1313 2372 hoc
1328 2329 1385 2393 ap-

292 2421 370 2488 tato,
385 2411 429 2474 ita
446 2420 482 2473 ut
503 2410 580 2474 nihil
603 2411 781 2497 spiraminis
805 2413 891 2476 exire
913 2411 1021 2498 possit.
1067 2410 1148 2474 Post
1169 2411 1220 2474 fac
1243 2410 1385 2474 foramen

291 2513 442 2579 terebrari
455 2512 488 2576 in
510 2513 628 2598 angrrlo
651 2513 749 2597 ipsius
763 2513 841 2599 ligni
857 2535 913 2598 per
934 2513 1020 2600 quod
1042 2497 1155 2597 possis'
1164 2521 1289 2576 acetum
1304 2513 1386 2576 cale·

290 2617 411 2680 lactum
433 2623 490 2680 ant
510 2614 633 2678 urinam
655 2615 790 2679 calidam
812 2615 988 2694 infundere,
1003 2615 1049 2678 ita
1070 2623 1106 2677 nt
1120 2613 1214 2678 tertia
1230 2635 1302 2699 pars
1316 2615 1385 2698 ejus

290 2717 466 2804 impleatur,
481 2727 513 2781 et
527 2737 605 2781 mox
628 2717 756 2780 obstrue
773 2717 925 2780 foramen.
973 2715 1044 2779 Hoc
1059 2715 1181 2800 lignum
1196 2715 1228 2778 in
1243 2717 1298 2779 tali
1313 2717 1384 2781 loco

291 2820 388 2884 debes
403 2840 528 2904 ponere,
543 2819 597 2883 ubi
614 2819 716 2903 possis
731 2819 807 2882 illud
828 2819 861 2880 in
883 2816 1076 2904 sterquilinio
1097 2827 1199 2880 totum
1214 2819 1383 2903 cooperire.

293 2919 373 2984 Post
387 2929 522 3007 quatuor
544 2943 619 2985 vero
641 2921 835 3005 septimanas
862 2919 950 2982 solve
972 2919 1165 3002 opercrdum,
1180 2928 1213 2982 et
1233 2920 1383 3006 quioquid

290 3043 383 3107 snper
406 3043 539 3106 cuprum
566 3021 731 3099 inveneris,
747 3020 841 3084 erade
866 3031 897 3081 et
920 3041 1019 3098 serva,
1041 3029 1073 3083 et
1093 3021 1204 3084 iterum
1228 3043 1384 3107 reponens

290 3123 417 3208 cooperi
434 3123 543 3186 ordine
558 3143 621 3206 qno
637 3141 740 3206 snpra.

533 3493 762 3588 CAPUT
818 3492 1132 3588 XXXVIII.

633 3713 678 3756 ms
701 3711 817 3755 VIBIDI
842 3712 1034 3758 HISPANICO.

287 3858 363 4012 SI
395 3883 469 3926 vcro
499 3863 596 3926 viride
624 3861 832 3949 Hispanicum
862 3885 1052 3949 componere
1082 3863 1170 3942 velis,
1200 3864 1275 3926 tolle
1293 3863 1379 3947 cupri

361 3962 484 4027 tabulas
511 3973 689 4028 attenuatas
715 3974 747 4028 et
770 3965 884 4028 radens
911 3987 965 4028 eas
991 3963 1157 4050 diligenter
1182 3987 1221 4028 ex
1248 3973 1380 4051 utraque

284 4075 383 4152 parte,
410 4065 563 4150 perfunde
589 4077 678 4130 aceto
707 4089 785 4151 puro
811 4076 844 4130 et
868 4066 1108 4152 calidonbsque
1132 4067 1278 4129 melleet
1303 4068 1379 4142 sale,

282 4188 518 4253 componesque
540 4168 573 4229 in
593 4166 703 4230 minori
727 4169 814 4252 ligno
837 4190 927 4248 cavo,
943 4169 1052 4232 ordine
1068 4191 1132 4254 qno
1148 4189 1254 4252 supra.
1300 4165 1381 4229 Post

281 4270 362 4333 duas
386 4270 579 4356 septimanas
604 4269 722 4354 respice
749 4291 787 4332 ac
804 4269 889 4347 rade,
917 4269 1025 4355 sicque
1051 4270 1146 4333 facies
1167 4269 1268 4332 donec
1293 4268 1380 4330 color

283 4370 341 4433 tibi
358 4372 502 4435 sufficiat.

643 4455 649 4484 ¹
670 4459 686 4484 “
694 4455 783 4513 linies‚·¹
800 4472 827 4506 sc
839 4457 893 4506 irs.
907 4458 1005 4520 daupi.
