3236 5144
647 540 837 585 rusorum
863 543 964 584 LIBER
989 543 1041 584 111.

646 811 879 907 CAPUT
936 811 1045 906 HL

653 1041 699 1082 DE
722 1039 877 1083 FORNAGE
899 1041 1030 1090 orama.

295 1190 481 1344 JUXTA
506 1190 657 1277 parietem
680 1177 754 1254 vero
781 1212 879 1277 prope
906 1192 1076 1256 fenestram
1101 1193 1133 1255 in
1157 1193 1281 1256 sinistra
1305 1201 1392 1278 parte

378 1294 526 1372 sedentis,
550 1293 665 1379 figatur
688 1293 809 1378 lignum
833 1293 867 1356 in
892 1295 1036 1374 terram¹‚
1063 1295 1226 1358 latitudine
1247 1295 1391 1362 duorum,

298 1397 499 1484 spissitudine
509 1417 588 1481 pene
598 1395 732 1458 duorum
742 1397 927 1482 digitorum,
937 1399 1023 1483 quod
1034 1421 1106 1462 cum
1117 1399 1247 1463 firmiter
1261 1398 1392 1473 steterit,

296 1499 414 1564 habeat
439 1500 583 1562 foramen
607 1497 817 1584 grossitudine
843 1503 936 1562 unius
962 1499 1052 1584 digiti
1074 1499 1107 1563 in
1133 1500 1249 1578 medio,
1265 1522 1285 1563 a
1308 1511 1390 1562 terra

296 1602 462 1666 altitudine
488 1609 625 1687 quatuor
650 1601 830 1687 digitorum.
877 1601 1004 1665 Habeat
1029 1625 1157 1690 quoque
1183 1603 1215 1664 in
1239 1602 1393 1667 anteriore

297 1715 385 1792 parte
397 1706 518 1787 lignum
530 1704 672 1767 strictum
685 1703 743 1766 sibi
756 1703 970 1788 conjunctum,
981 1715 1012 1766 et
1022 1703 1119 1766 clavis
1130 1703 1241 1788 ligneis
1251 1703 1391 1780 affixum,

298 1809 464 1874 latitudine
479 1817 615 1895 quatuor
636 1807 819 1892 digitorum,
835 1809 924 1894 cujus
940 1806 1104 1893 longitudo
1127 1817 1269 1893 mquetur
1283 1807 1394 1892 majori

298 1913 394 1996 ligna.
440 1910 525 1974 Ante
547 1910 633 1994 quod
648 1909 788 1974 stabilies
808 1909 893 1974 aliud
909 1910 1028 1996 lignum
1051 1931 1150 1996 aequae
1165 1909 1340 1973 latitudinis
1361 1916 1394 1971 et

299 2013 515 2096 longitudinis,
525 2011 570 2076 ita
579 2020 614 2074 ut
628 2011 785 2076 iutcrhaec
795 2013 858 2076 duo
869 2013 956 2098 ligna
966 2012 1006 2076 sit
1015 2011 1189 2096 amplitudo
1205 2020 1393 2097 quatuorum

297 2113 478 2199 digitorum,
494 2123 526 2176 et
550 2114 645 2199 affige
661 2113 736 2177 illud
760 2114 898 2177 exterius
914 2113 1039 2178 duobus
1063 2122 1118 2177 aut
1140 2113 1240 2178 tribus
1260 2111 1394 2198 paxillis,

299 2225 332 2280 et
346 2214 479 2300 acceptia
493 2214 605 2300 argilla
627 2237 692 2279 non
708 2215 868 2281 macerata
883 2238 940 2280 nec
964 2216 1047 2302 aqud
1069 2215 1180 2293 mixta,
1196 2216 1252 2280 sed
1275 2213 1396 2278 noviter

302 2316 428 2396 effossa,
445 2317 534 2382 mitte
556 2317 589 2382 in
611 2317 687 2382 illud
709 2319 847 2404 spatium
874 2320 906 2382 iu
929 2319 1036 2406 primis
1060 2319 1231 2396 modicam,
1254 2329 1286 2381 et
1307 2339 1396 2381 com-

298 2419 394 2506 pinge
418 2441 489 2483 eum
512 2420 600 2505 ligno
616 2421 753 2486 rotundo
776 2421 905 2500 fortiter,
922 2422 1038 2487 deinde
1061 2421 1206 2507 amplius,
1229 2419 1395 2484 etiterum

299 2534 436 2611 percute,
453 2525 560 2611 sicque
577 2525 675 2590 facies
691 2526 794 2590 donec
809 2526 880 2590 duae
895 2535 1000 2612 partes
1021 2525 1119 2612 ipsius
1136 2523 1228 2611 spatii
1243 2525 1397 2608 implean-

300 2638 360 2708 tur,
376 2637 408 2692 et
422 2627 547 2692 tertiam
567 2628 689 2692 dimitte
704 2650 848 2692 vacuam.
892 2628 982 2692 Tunc
999 2629 1087 2692 auser
1103 2627 1241 2693 anterius
1264 2627 1396 2712 lignum,

298 2739 331 2794 et
346 2752 417 2794 cum
428 2732 556 2795 cultello
570 2733 668 2818 longo
679 2732 782 2796 incide
797 2732 940 2817 argillam
952 2731 1114 2818 aequaliter
1128 2739 1202 2794 ante
1217 2739 1249 2792 et
1260 2751 1395 2808 sursum,

302 2832 416 2895 deinde
432 2856 505 2896 cum
528 2833 636 2919 gracili
659 2833 746 2918 ligno
769 2845 895 2919 percute
919 2835 1048 2898 sortiter.
1095 2833 1177 2896 Post
1197 2833 1266 2896 haec
1289 2833 1397 2917 accipe

300 2935 443 3019 argillam
468 2944 661 2998 maceratam
688 2943 720 2998 et
741 2935 817 2999 fimo
842 2937 913 3022 equi
938 2936 1081 3014 mixtam,
1097 2945 1129 2999 et
1152 2956 1308 3020 compone
1334 2934 1396 2998 for-

301 3058 413 3100 nacem
428 3045 459 3100 et
475 3037 572 3100 larem
587 3037 665 3122 ejus,
681 3045 791 3122 tegens
814 3039 975 3123 parietem,
992 3061 1032 3102 ne
1046 3047 1155 3102 uratur
1169 3037 1253 3123 igne,
1269 3047 1300 3100 et
1322 3059 1394 3100 oum

302 3138 411 3224 gracili
425 3139 512 3224 ligno
535 3138 661 3225 perfora
676 3139 817 3225 argillam
840 3151 927 3204 trans
943 3140 1084 3205 foramen
1099 3140 1185 3226 quod
1202 3149 1250 3203 est
1264 3149 1347 3202 retro
1362 3139 1395 3201 in

213 3285 223 3300 .
298 3239 396 3326 ligno.
442 3240 514 3306 Hoc
529 3241 626 3306 modo
642 3263 799 3329 compone
814 3265 924 3306 omnes
940 3241 1083 3307 fornaces
1099 3241 1237 3306 fabriles.

600 3527 1092 3538 ———-—--—-

654 3732 886 3832 CAPUT
947 3735 1031 3831 Iu

706 3956 751 3998 DE
776 3957 952 4002 FOLLlBUS.

393 4103 542 4168 ElNDE
570 4105 619 4169 fae
643 4104 700 4169 tibi
727 4105 816 4170 folles
837 4108 877 4171 de
902 4109 1034 4194 pellibus
1056 4111 1188 4175 arietum
1211 4111 1266 4176 ita.
1312 4113 1394 4178 Cum

390 4207 575 4271 occiduntur
589 4206 711 4286 arietes,
727 4228 791 4270 non
807 4208 984 4273 incidantur
1008 4212 1104 4296 pelles
1127 4213 1187 4277 sub
1203 4221 1321 4295 ventre,
1338 4217 1394 4280 sed

299 4309 332 4371 in
347 4307 572 4394 posterioribus
587 4309 777 4394 aperiantur,
794 4319 826 4374 et
840 4310 884 4374 ita
898 4323 1080 4378 aversentur
1094 4323 1130 4378 ut
1143 4315 1274 4402 integras
1289 4327 1394 4381 extra-

528 4477 534 4505 ¹
553 4478 723 4540 “longitudine
735 4479 804 4528 trium
815 4481 921 4541 padum.”
953 4484 994 4532 Ex
1005 4484 1060 4533 Ma.
1074 4486 1172 4548 aaut
