3236 5144
296 463 359 526 248
654 483 846 527 rusornrnr
875 483 981 526 uuna
1004 483 1057 526 ιιι.

296 631 328 694 in
343 631 418 696 illud
435 633 540 695 rivum
563 643 728 718 argentum
750 656 824 697 eum
848 655 937 714 auro,
960 643 993 698 et
1014 633 1201 698 festinanter
1223 653 1296 696 cum
1313 631 1395 694 ferro

296 755 392 798 curro
415 743 447 798 et
468 733 624 798 candente
646 734 724 798 frica
746 736 823 800 illud
847 748 880 801 et
901 738 996 815 mole,
1011 736 1115 800 donec
1136 735 1213 800 nihil
1229 735 1347 798 sentias
1362 735 1393 796 in

295 836 434 914 maculo,
457 835 515 899 nisi
539 836 723 916 humorem
747 861 887 927 moxque
909 839 1039 905 effunde
1059 839 1235 926 inaquam.
1281 837 1396 922 Ejeetis

296 961 370 1003 vero
385 939 469 1025 aqud
482 937 546 1018 int,
562 939 651 1005 mitte
671 963 782 1004 aurum
804 943 837 1006 in
858 965 990 1006 manum
1005 942 1177 1020 sinistram,
1192 951 1225 1004 et
1238 940 1310 1003 lara
1324 939 1393 1002 dili-

295 1050 415 1124 genter,
438 1041 577 1126 probans
598 1041 709 1128 digito,
732 1044 758 1107 si
782 1045 862 1108 bene
885 1045 1030 1109 molitum
1051 1046 1111 1124 sit;
1135 1053 1167 1109 et
1185 1044 1212 1108 si
1233 1053 1291 1122 est,
1310 1063 1394 1126 pone

296 1165 389 1230 super
403 1164 542 1230 pannum
567 1145 681 1211 lineum
706 1147 871 1224 mundum,
893 1156 925 1210 et
943 1147 1031 1232 jacta
1053 1147 1114 1210 hac
1137 1155 1170 1210 et
1190 1145 1272 1224 illac,
1291 1144 1393 1208 donec

297 1247 429 1310 siccetur
445 1269 537 1334 aqua.

575 1851 810 1948 CAPUT
868 1851 1111 1950 XXXVI.

684 2091 765 2135 luunt
790 2093 872 2137 Atro
896 2093 1003 2136 MODO.

379 2253 477 2320 UOD
501 2256 527 2320 si
551 2266 662 2322 natura
685 2259 753 2323 auri
773 2260 846 2325 tulis
860 2271 918 2339 est,
932 2270 968 2325 ut
982 2259 1028 2326 sio
1047 2282 1113 2324 uon
1134 2258 1237 2346 possis
1265 2259 1392 2336 molere,

406 2359 515 2447 accipe
539 2359 676 2446 lapidem
699 2362 865 2448 aequalem,
889 2372 922 2427 et
942 2364 976 2427 in
997 2361 1102 2428 medio
1132 2363 1201 2448 ejus
1231 2361 1282 2425 fac
1307 2363 1390 2425 fora·

296 2484 368 2526 men
383 2462 546 2527 latitudine
557 2463 652 2528 trium
668 2465 839 2552 digitorum
851 2475 883 2529 et
898 2465 990 2529 simili
1006 2465 1229 2551 profunditate.
1266 2463 1391 2527 Deinde

295 2585 372 2650 para
386 2565 443 2628 tibi
458 2566 595 2652 lapidem
616 2567 775 2632 duriorem
796 2568 860 2649 illo,
880 2567 926 2632 sie
947 2567 1109 2654 gracilem,
1123 2577 1160 2632 ut
1174 2567 1275 2654 possit
1289 2567 1322 2630 in
1336 2567 1390 2629 illo

294 2667 448 2732 foramine
463 2669 615 2748 converti,
637 2681 669 2734 et
692 2671 736 2735 sio
759 2673 900 2756 longum,
918 2681 954 2734 ut
974 2672 1075 2757 possit
1096 2671 1127 2733 in
1146 2670 1267 2755 lignum
1288 2669 1344 2754 figi
1359 2677 1392 2731 et

295 2771 421 2850 firmari,
438 2773 524 2857 quod
542 2773 664 2860 lignum
682 2774 724 2837 sit
742 2773 938 2859 longitudine
953 2771 1047 2836 trium
1063 2772 1219 2848 ulnamm,
1235 2779 1278 2848 et,
1295 2769 1327 2832 in
1342 2769 1391 2832 in·

295 2871 398 2935 feriori
414 2885 512 2958 parte,
527 2875 559 2938 in
574 2897 637 2962 qua
653 2876 731 2960 lapis
741 2876 925 2961 jungendus
940 2887 999 2952 est,
1015 2874 1056 2937 sit
1072 2873 1283 2958 grossitudine
1298 2872 1390 2935 unius

296 2973 400 3059 tybiae.
447 2981 546 3060 Super
560 2999 655 3064 quern
677 2979 826 3064 lapidem,
848 2977 1013 3042 altitudine
1036 2976 1157 3039 dimidii
1173 2975 1273 3060 pedis,
1288 2983 1390 3038 trans·

295 3076 414 3140 foretur
428 3078 531 3164 ipsum
546 3081 678 3166 lignum,
701 3081 751 3144 cui
767 3080 921 3166 jungatur
939 3079 1023 3144 aliud
1038 3078 1160 3164 lignum
1176 3089 1270 3140 tenue
1285 3075 1390 3139 latitu-

295 3180 368 3244 dine
383 3179 515 3244 duarum
531 3182 717 3268 palmarum,
732 3183 764 3246 in
779 3204 844 3270 quo
857 3183 959 3247 cauda
974 3183 1041 3260 liat,
1056 3201 1128 3268 quse
1143 3179 1285 3243 foramen
1302 3178 1390 3263 longi

295 3284 371 3372 ligni
388 3295 593 3369 pertranseat,
608 3285 787 3372 superquod
802 3296 897 3350 tenue
912 3285 1032 3371 lignum
1046 3284 1159 3370 ligetur
1172 3281 1253 3368 lapis
1265 3280 1389 3364 magni·

296 3387 403 3450 tudine
418 3387 511 3450 unius
526 3388 624 3473 pedis,
640 3411 659 3450 a
674 3411 739 3475 quo
754 3389 858 3474 lapide
878 3389 935 3450 fiat
950 3409 1074 3450 sursum
1090 3385 1210 3471 lignum
1226 3385 1343 3469 gracile
1357 3393 1390 3446 et

296 3490 429 3552 rotunde
445 3489 578 3553 incisum
590 3501 685 3575 atque
702 3490 842 3575 planum,
857 3490 900 3553 ita
911 3506 946 3553 ut
960 3489 1041 3553 inter
1056 3511 1169 3553 manus
1184 3487 1284 3575 possit
1295 3487 1388 3550 volvi.

298 3587 357 3649 llis
371 3589 415 3650 ita
430 3589 613 3673 compositis
636 3613 718 3675 pone
741 3592 893 3676 majorem
916 3592 1053 3679 lapidem
1077 3593 1109 3656 iu
1131 3593 1257 3678 pelvim,
1276 3590 1388 3656 sivein

296 3711 353 3750 vas
377 3689 514 3773 ligneum
538 3693 668 3778 aquale,
690 3703 722 3757 et
743 3693 812 3758 vide
835 3704 870 3757 ut
891 3695 970 3780 lapis
993 3695 1124 3758 firmiter
1140 3697 1257 3780 jaceat,
1280 3705 1389 3758 etrus

296 3789 426 3854 firmiter
442 3801 512 3855 stet.
558 3791 703 3881 Cumque
725 3818 836 3860 aurum
860 3819 932 3860 cum
948 3799 1019 3861 vivo
1042 3809 1174 3882 urgento
1198 3797 1230 3860 in
1247 3798 1388 3859 foramen

297 3895 364 3978 ejus
388 3892 518 3974 miseris,
541 3906 573 3960 et
594 3899 739 3964 sabulum
762 3900 896 3986 desuper
916 3911 1011 3987 etque
1025 3921 1153 3985 aquam,
1167 3899 1295 3983 impoue
1311 3898 1388 3984 lapi·

295 4000 368 4062 deru
392 3996 555 4077 minorem,
578 4000 633 4086 qui
655 4002 742 4088 ligno
759 4003 889 4088 junctus
911 4011 969 4080 est,
992 4011 1165 4087 tenensque
1183 4000 1215 4062 in
1237 3999 1386 4084 superiori

295 4111 384 4187 parte
399 4099 501 4186 ipsum
524 4101 655 4186 lignum,
678 4117 827 4169 converte
850 4104 1010 4169 modicum
1034 4105 1242 4167 intermunus
1258 4110 1387 4177 tuas,et

295 4227 369 4268 mox
386 4225 440 4288 per
461 4205 630 4290 impulsum
653 4205 735 4268 illius
758 4207 880 4292 lapidis,
903 4207 956 4294 qui
979 4206 1094 4292 ligatus
1112 4215 1160 4269 est
1174 4203 1312 4280 inferius,
1328 4203 1386 4264 eir-

292 4309 492 4388 cuml'eretur,
513 4306 620 4392 sicque
643 4307 891 4372 circumferendo
914 4312 996 4373 mole
1018 4331 1073 4394 per
1095 4317 1230 4394 quatuor
1253 4303 1302 4366 vel
1324 4315 1386 4366 tres

289 4408 393 4475 horas.
439 4409 603 4474 Interdum
620 4431 694 4474 vero
717 4411 837 4499 respice
860 4422 891 4474 et
910 4411 1007 4498 proba
1023 4411 1133 4496 digito,
1149 4419 1181 4472 et
1196 4427 1317 4470 rursum
1335 4405 1384 4469 in-
