3150 5140
286 452 350 516 346
639 469 828 514 rasorium
854 465 957 510 masa
981 467 1032 510 ιιι.

285 625 426 690 foramen
456 623 720 710 quadrangulum,
749 620 956 706 amplitudine
986 629 1122 706 quatuor
1149 615 1324 700 digitorum
1353 622 1386 676 et

285 726 368 790 circa
391 726 479 811 quod
505 725 697 811 reliquantur
722 725 762 788 de
787 723 899 788 eodem
923 723 1009 808 liguo
1030 719 1155 798 limbus,
1176 718 1270 780 unius
1290 715 1384 800 digiti

287 828 459 892 latitudinis
478 837 511 891 et
532 827 715 906 altitudinis,
739 827 853 913 inquo
874 824 1092 888 conflatorium
1115 822 1293 906 inponatur.
1342 818 1382 881 ln

286 930 438 1015 superiori
458 941 547 1015 parte
560 933 634 996 rerd
657 930 762 994 lateris
782 931 861 993 liant
880 937 1046 1005 cavatorte,
1063 947 1118 1012 per
1133 945 1212 1011 quas
1227 923 1323 986 flatus
1337 922 1380 984 ad

287 1035 409 1098 fistulas
429 1035 529 1120 possit
543 1034 712 1121 pervenire.
758 1033 866 1096 Altera
880 1051 954 1094 vero
977 1050 1049 1116 pars
1071 1027 1158 1114 ligni,
1181 1047 1251 1112 quae
1272 1035 1306 1088 et
1327 1045 1384 1088 su-

287 1135 400 1222 periori
415 1157 484 1202 esse
499 1137 604 1215 debet,
620 1135 766 1200 metiatur
776 1133 905 1198 interius
920 1133 1090 1218 aqualiter,
1104 1129 1159 1193 ubi
1173 1128 1385 1213 disponantur

288 1247 408 1324 septem
423 1239 472 1302 vel
491 1249 564 1302 octo
585 1248 752 1315 cavaturas,
770 1236 802 1301 in
818 1235 933 1323 quibus
947 1233 1113 1319 diligenter
1128 1232 1303 1316 jungantur
1323 1229 1385 1291 lin·

288 1363 369 1426 guoe,
392 1342 436 1404 ita
457 1349 492 1405 ut
515 1341 654 1404 habeant
675 1339 799 1403 facilem
824 1359 949 1402 cursum
972 1334 1125 1401 educendi
1147 1345 1180 1397 et
1201 1329 1385 1408 reducendi,

289 1442 334 1506 sic
349 1452 456 1506 tamen
472 1451 507 1504 ut
522 1440 616 1504 nichil
633 1439 810 1526 spiraminis
826 1440 906 1502 inter
916 1441 1082 1524 juncturas
1098 1449 1200 1501 exeat.

337 1747 376 1809 ln
391 1744 541 1829 superiori
561 1751 668 1807 autem
680 1751 767 1828 parte
783 1741 879 1805 tonde
898 1749 1065 1818 cavaturae,
1081 1749 1191 1805 contra
1209 1739 1383 1815 inferiores,

291 1871 362 1938 quse
384 1849 448 1914 sint
469 1846 698 1931 aliquantulum
721 1844 856 1922 latiores,
880 1842 1042 1928 inquibus
1059 1844 1235 1928 jungantur
1249 1839 1385 1904 totidem

291 1951 388 2035 ligna,
415 1950 459 2012 ita
482 1955 517 2011 ut
542 1948 624 2012 inter
649 1947 717 2010 hrec
741 1955 774 2010 et
799 1946 913 2031 majus,
940 1944 1017 2031 ligni
1047 1952 1198 2008 cavatura
1223 1953 1386 2006 remanent

293 2072 403 2128 vacua,
428 2057 610 2135 perventus
632 2048 783 2112 ascendat
801 2049 842 2112 ad
862 2047 992 2126 listulas,
1008 2067 1082 2110 nam
1100 2047 1133 2109 in
1152 2046 1271 2110 eisdem
1292 2045 1385 2131 lignis

293 2153 447 2218 foramina
475 2151 543 2215 fieri
575 2152 701 2230 debent,
732 2152 764 2214 in
793 2151 906 2236 quibus
936 2152 1048 2214 fistula
1077 2149 1272 2213 stabiliendae
1301 2155 1385 2212 sunt.

294 2253 460 2318 (lavaturas
484 2255 515 2318 in
539 2255 654 2341 quibus
680 2255 795 2340 linguas
816 2255 935 2339 juncta
959 2253 1086 2316 suntin
1113 2251 1261 2316 anteriori
1287 2259 1388 2335 parte,

293 2359 463 2444 procedere
477 2357 616 2423 debeant
638 2359 729 2445 quasi
743 2357 878 2444 obliquae
892 2359 1048 2436 fenestrae,
1067 2379 1123 2443 per
1138 2377 1219 2442 quas
1238 2356 1315 2440 ipsse
1328 2353 1387 2416 lin·

294 2483 366 2546 guae
381 2460 619 2526 introducantur
634 2473 666 2525 et
680 2461 893 2525 extrahantur.

341 2835 379 2896 ln
392 2835 555 2920 posteriori
566 2857 639 2900 vero
650 2843 749 2920 parte,
761 2833 820 2898 sub
829 2835 892 2898 fine
901 2835 1039 2920 ipsarum
1051 2835 1240 2922 linguarum,
1252 2837 1331 2899 fiant
1342 2837 1390 2899 fo·

296 2937 417 3001 ramina
429 2937 590 3023 aequaliter
600 2939 664 3001 lata
675 2946 708 3000 et
717 2939 824 3024 longa,
838 2959 983 3001 mensura
994 2937 1128 3000 duorum
1141 2937 1322 3023 digitorum,
1334 2961 1391 3024 per

295 3060 375 3126 quas
387 3048 499 3101 ventus
513 3039 612 3125 possit
622 3039 791 3103 ascendere
803 3040 844 3103 ab
856 3038 1051 3104 inferioribus
1064 3040 1104 3103 ad
1116 3039 1287 3125 superiora,
1299 3041 1344 3103 ita
1355 3051 1393 3103 ut

296 3163 368 3206 cunr
384 3140 499 3226 linguae
510 3141 735 3227 impinguntur,
751 3143 803 3207 illa
815 3141 968 3207 foramina
983 3144 1024 3206 ab
1036 3143 1080 3207 eis
1092 3142 1304 3222 obstruantur,
1317 3165 1388 3206 curn

297 3267 371 3308 vero
383 3243 550 3306 trahuntur
561 3243 663 3310 denuo
675 3255 813 3330 pateant.
850 3245 888 3307 ln
901 3245 949 3307 his
959 3265 1032 3308 vero
1044 3245 1136 3330 lignis
1148 3267 1219 3331 qnae
1230 3266 1324 3330 super
1333 3244 1392 3306 lin-

297 3369 376 3434 guas
387 3347 565 3433 junguntur
576 3347 655 3410 fiant
665 3347 819 3412 foramina
831 3346 996 3433 diligenter
1009 3357 1039 3411 et
1051 3348 1204 3426 ordinate,
1216 3347 1390 3411 secundum

297 3472 462 3515 numerum
473 3451 660 3529 fistularum,
673 3449 917 3536 uniuscujusque
929 3449 1003 3528 toni,
1019 3449 1052 3511 in
1067 3448 1181 3536 qnibus
1192 3451 1268 3535 ipsae
1280 3451 1391 3538 listulae

297 3553 510 3636 imponantur,
536 3551 580 3614 ita
602 3560 637 3614 ut
658 3552 790 3614 firmiter
811 3561 904 3631 stent,
927 3563 959 3616 et
984 3553 1025 3617 ab
1046 3553 1243 3618 inferioribus
1263 3563 1390 3616 ventum

298 3651 478 3738 suscipiant.
525 3653 564 3716 ln
579 3653 687 3717 caudis
707 3663 813 3718 autem
831 3654 1008 3739 linguarum
1030 3655 1205 3719 scribantur
1219 3655 1328 3719 litterae
1343 3677 1393 3718 se·

298 3753 437 3818 cundum
462 3775 628 3820 ascensum
652 3767 684 3820 et
706 3757 902 3836 descensum,
928 3765 1038 3821 cantus
1057 3757 1172 3842 quibus
1195 3758 1295 3843 possit
1317 3779 1394 3842 cog·

299 3858 388 3920 nosci
408 3857 478 3946 quis
501 3858 562 3939 ille,
584 3859 633 3923 vel
653 3859 705 3925 ille
725 3871 819 3925 tonus
842 3861 891 3924 sit
938 3861 976 3924 ln
1000 3861 1131 3948 singulis
1151 3871 1256 3924 autem
1279 3861 1394 3947 linguis

299 3961 378 4024 liarrt
396 3961 550 4026 foramina
571 3963 695 4049 singula
713 3964 849 4048 gracilia,
870 3963 1066 4050 longitudine
1085 3963 1206 4027 dimidii
1224 3963 1313 4050 digiti
1336 3963 1395 4026 mi-

299 4063 395 4141 noris,
414 4065 446 4126 in
465 4064 620 4129 anteriore
638 4075 736 4150 parta,
754 4067 846 4151 juxta
867 4065 985 4130 caudas
1005 4067 1037 4128 in
1056 4066 1261 4152 longitudine,
1278 4066 1309 4128 in
1324 4063 1395 4151 qui·

300 4165 359 4228 bus
375 4177 532 4250 ponantur
546 4167 660 4252 singull
682 4167 761 4230 clavi
785 4167 889 4252 cuprei
905 4168 1043 4254 capitati,
1059 4168 1113 4255 qni
1128 4177 1346 4255 pertranseant
1361 4167 1394 4229 in

300 4268 404 4332 medio
424 4269 612 4348 fenestellas,
635 4269 750 4354 quibus
772 4271 960 4334 inducuntur
981 4272 1057 4356 ipsae
1078 4273 1193 4358 linguae
1209 4295 1229 4336 a
1244 4272 1394 4357 superiori

300 4371 397 4432 latere
412 4371 524 4434 domus
540 4393 638 4457 nsque
659 4370 700 4434 ad
720 4371 857 4450 inferiae,
874 4382 905 4436 et
923 4383 1097 4460 appareant
1114 4375 1272 4438 clavorum
1289 4375 1393 4459 capita
