3236 5144
279 515 342 582 212
638 534 826 580 rneoernm
851 537 954 580 urana
978 535 1029 580 111.

280 689 406 768 bantur,
415 699 447 752 et
457 688 593 772 impletae
602 688 751 752 stramine
761 687 885 752 modice
897 689 1103 753 exsiccentur.
1122 687 1240 753 Postea
1247 689 1376 774 jaceant

279 793 312 855 in
328 789 524 856 confectione
539 791 625 855 faecis
640 800 673 856 et
690 792 765 856 salis
779 813 843 855 una
859 793 910 856 die
925 801 957 856 et
972 791 1095 856 duabus
1110 791 1268 870 noctibuS,
1284 789 1376 854 tertia

279 915 354 958 vero
370 893 421 957 die
435 893 601 956 trahantur
614 893 647 956 in
671 902 790 958 retorta
811 893 844 956 in
868 894 1077 980 longitudine,
1093 894 1149 958 sed
1174 894 1244 979 plus
1258 894 1292 957 in
1307 894 1377 958 lati-

279 995 399 1060 tudine.
450 995 576 1059 Deinde
604 1005 765 1080 ungantur
794 1006 825 1059 et
854 998 966 1060 iteruin
996 996 1169 1060 trahantur.
1226 996 1376 1059 Posthaec

281 1099 339 1162 fiat
360 1098 426 1162 folli
455 1108 551 1184 caput
575 1098 724 1184 ligneum,
751 1099 836 1184 quod
864 1108 1004 1164 transeat
1029 1121 1084 1185 per
1112 1099 1228 1163 collum
1255 1099 1323 1184 ejus
1345 1107 1377 1161 et

280 1199 325 1264 ibi
355 1200 478 1286 ligetur,
505 1210 537 1265 et
566 1200 598 1262 in
622 1201 725 1285 capite
750 1201 893 1264 foramen
917 1225 974 1288 per
997 1202 1085 1288 quod
1109 1211 1249 1266 transeat
1272 1201 1377 1264 fistula

281 1303 392 1368 ferrea.
417 1301 516 1366 Retro
533 1324 607 1366 vero
622 1301 655 1364 in
680 1303 844 1368 latitudine
860 1303 942 1368 follis
958 1313 1115 1389 ponantur
1129 1313 1266 1391 quatuor
1280 1304 1376 1388 ligna,

282 1425 417 1492 quorum
432 1404 496 1468 duo
512 1404 572 1468 sibi
592 1404 825 1490 conjungantur
839 1415 871 1470 et
886 1406 1072 1492 colligentur
1086 1407 1119 1470 in
1134 1406 1251 1484 medio,
1266 1415 1298 1469 et
1312 1405 1376 1467 duo

282 1507 342 1572 sibi
357 1507 472 1572 deinde
488 1517 620 1571 suuntur
634 1507 666 1570 in
681 1507 756 1570 folle
770 1508 826 1587 ita,
843 1519 878 1572 ut
894 1510 1054 1594 junctura
1069 1510 1102 1572 in
1125 1509 1232 1573 medio
1248 1508 1311 1572 sint
1326 1529 1377 1571 su-

283 1611 388 1698 perius
403 1621 435 1674 et
456 1609 595 1689 inferius,
612 1609 665 1674 ubi
689 1609 787 1674 etiam
810 1612 881 1676 dura
897 1633 982 1676 ansae
1007 1633 1047 1675 ex
1071 1612 1184 1675 eadem
1204 1611 1285 1696 pelle
1300 1632 1378 1673 con-

283 1723 425 1793 suantur,
440 1735 503 1776 una
518 1715 661 1799 superius
677 1720 790 1796 minor,
805 1718 837 1780 in
857 1737 921 1802 qua
946 1714 1052 1800 pollex
1073 1715 1265 1800 imponatur,
1280 1713 1378 1775 altera

284 1815 386 1900 major
407 1815 545 1896 inf'erius,
569 1818 622 1881 ubi
647 1821 756 1908 reliqui
782 1829 919 1906 quatuor
940 1817 1032 1904 digiti
1055 1816 1273 1879 immittantur.
1319 1813 1378 1876 His

284 1917 449 2002 completis
466 1939 548 2002 pone
564 1921 703 1984 fistulam
720 1911 853 1985 ferream
868 1921 900 1983 in
924 1920 1067 1982 foramen
1085 1917 1232 1994 fornacis,
1248 1927 1280 1979 et
1295 1927 1379 1979 retro

284 2027 316 2082 et
331 2026 404 2082 ante
420 2017 581 2083 fornacem
598 2022 752 2086 carbones
767 2033 800 2086 et
811 2023 927 2108 ignem,
944 2029 976 2085 ct
991 2020 1083 2086 suffla
1098 2028 1134 2083 ut
1149 2019 1260 2082 fornax
1276 2017 1378 2080 exsic-

285 2130 382 2186 cetur.
407 2120 633 2188 Uteneiliorum
644 2135 748 2188 autem
764 2134 796 2188 ct
812 2124 1072 2188 ferramentorum
1089 2123 1217 2186 nomina
1228 2122 1260 2183 in
1276 2119 1379 2183 fabrili

285 2245 379 2310 opere
394 2232 469 2288 eunt
483 2225 560 2288 haec.

596 2529 692 2541 ...-

654 2784 881 2880 CAPUT
940 2784 993 2879 V.

703 3039 748 3081 DE
772 3039 968 3083 incontrius.

290 3223 522 3376 INCUDES
538 3225 620 3304 latre,
636 3225 773 3311 equales
789 3236 821 3288 et
835 3226 972 3313 quadrae.
1003 3225 1084 3290 Item
1099 3227 1230 3292 incudes
1245 3228 1382 3314 oequalee

352 3337 384 3394 et
398 3345 549 3394 cornutae.
574 3327 655 3392 Item
671 3327 800 3392 incudes
816 3329 959 3413 superius
974 3329 1117 3393 rotundae
1133 3330 1165 3392 in
1181 3329 1389 3394 similitudine.

290 3431 413 3496 dimidii
427 3430 525 3516 pomi,
540 3452 604 3494 una
618 3430 729 3515 major,
745 3431 806 3492 alia
820 3429 933 3510 minor,
949 3431 1040 3495 tertia
1064 3430 1180 3510 brevis,
1195 3431 1250 3517 qui
1265 3452 1385 3495 vocan-

288 3543 340 3598 tur
354 3532 439 3597 nodi.
486 3530 567 3596 Item
582 3531 712 3595 incudes
735 3532 877 3618 superius
900 3534 1004 3620 longae
1028 3541 1060 3597 et
1082 3533 1199 3596 strictae
1214 3533 1305 3620 quasi
1320 3533 1384 3597 duo

289 3656 409 3699 cornua
423 3632 464 3697 ab
479 3633 584 3697 hastili
600 3633 819 3719 praecedentia,
836 3655 969 3721 quorum
984 3657 1083 3698 unum
1106 3635 1146 3698 sit
1166 3635 1337 3699 rotundum
1352 3643 1385 3699 et

290 3735 459 3800 deductum
476 3734 530 3813 ita,
544 3741 580 3797 ut
594 3735 627 3797 in
652 3735 832 3799 summitate
847 3735 888 3800 sit
902 3735 1027 3822 gracile,
1044 3737 1128 3800 aliud
1144 3757 1219 3801 vero
1243 3736 1338 3800 latius
1353 3744 1386 3799 et

290 3838 323 3899 in
352 3835 533 3899 summitate
557 3836 681 3900 modice
711 3858 875 3901 recurvum
904 3837 937 3900 in
967 3838 1102 3901 rotunda
1132 3837 1313 3925 aequalitate
1343 3836 1385 3900 ed

290 3935 525 4001 similitudinem
538 3937 631 4000 unius
646 3937 775 4023 pollicis.
801 3938 862 4002 Hae
878 3949 951 4004 eunt
966 3941 1102 4026 majores
1117 3950 1148 4006 et
1160 3923 1311 4005 ininoree.
