3140 5152
310 467 374 532 360
662 489 850 532 rasorium
878 488 981 532 arnan
1001 489 1052 532 ur.

311 649 416 703 autem
433 639 556 725 penitus
579 639 682 725 adipe,
698 640 829 704 obstrue
852 641 1006 704 foramina
1029 651 1162 727 utraque
1177 639 1296 726 argillis
1312 659 1425 702 mace-
1544 695 1546 716 ,

312 743 381 806 ratri
396 743 481 806 rectis
497 765 654 820 mensura,
671 743 713 805 ita
737 751 850 807 utnon
866 743 1001 806 violetur
1017 765 1073 806 ora
1089 764 1267 827 campanae,
1283 753 1318 804 et
1333 741 1422 804 circa
1545 731 1546 734 ¹

313 845 447 908 formam
462 845 675 908 abuudantius
690 846 806 910 adhibe
826 847 923 931 ligna,
940 854 974 910 ut
990 867 1045 932 per
1060 854 1160 909 totam
1176 845 1260 908 diem
1278 867 1422 930 sequen-

313 957 440 1034 temque
464 957 589 1011 noctem
614 948 697 1034 ignis
728 971 791 1013 nou
816 949 954 1014 deficiat.
1002 949 1131 1012 Interim
1157 949 1233 1011 tolle
1257 947 1419 1010 cacabum

313 1051 446 1113 ferreum
471 1049 501 1114 in
525 1051 625 1116 fundo
649 1053 830 1131 rotundum,
853 1052 927 1115 huic
951 1051 1153 1117 solummodo
1176 1051 1265 1136 operi
1292 1057 1421 1134 aptum,

313 1153 366 1240 qui
382 1175 421 1216 ex
438 1163 568 1241 utraque
585 1167 673 1242 parte
684 1177 776 1218 aures
792 1155 909 1220 ferreas
924 1155 1004 1218 duas
1020 1153 1146 1232 babeat,
1162 1163 1218 1215 aut
1232 1153 1257 1215 si
1276 1151 1422 1214 maxima

313 1277 470 1341 campana
485 1257 553 1334 erit,
569 1257 649 1320 duos
665 1259 713 1322 vel
736 1267 810 1338 tres,
826 1268 858 1321 et
880 1257 994 1320 illinies
1012 1277 1068 1320 eos
1083 1255 1214 1320 interius
1228 1263 1262 1317 et
1277 1255 1422 1318 exterius

314 1357 425 1444 argillis
440 1359 561 1423 fortiter
578 1361 745 1440 macerata,
760 1360 858 1424 semel
871 1370 903 1424 et
918 1359 1030 1422 iterum
1047 1381 1085 1422 ac
1099 1358 1201 1435 tertio,
1216 1357 1323 1422 donec
1339 1357 1422 1420 duo·

315 1461 375 1526 bus
389 1461 497 1548 digitis
512 1463 614 1548 spissa
629 1463 679 1543 sit,
695 1472 727 1526 et
749 1462 841 1526 sistes
862 1484 917 1526 eos
933 1461 1119 1526 altrinsecus
1135 1471 1245 1524 contra
1259 1483 1307 1539 se,
1322 1461 1371 1524 ita
1388 1471 1422 1523 ut

316 1563 467 1630 intereos
482 1565 517 1628 iri
541 1565 649 1651 possit,
672 1574 704 1629 et
726 1565 786 1628 sub
807 1565 853 1628 eis
876 1585 976 1650 pones
997 1573 1113 1626 terram
1130 1563 1306 1648 simplicem
1322 1572 1422 1650 atque

317 1666 517 1752 circumliges
539 1668 673 1754 paxillos
696 1667 819 1752 ligneos
841 1667 873 1730 iu
896 1666 1023 1730 duobus
1038 1671 1112 1732 verb
1126 1665 1213 1743 locia,
1229 1665 1280 1728 vel
1295 1664 1321 1728 si
1338 1687 1422 1750 opus

317 1769 411 1832 fuerit
433 1769 544 1846 tribus,
568 1769 621 1833 ubi
649 1769 741 1834 folles
769 1769 887 1855 apponi
917 1769 1045 1846 debent,
1072 1769 1151 1854 liges
1175 1767 1257 1831 duos
1282 1767 1421 1852 paxillos

317 1871 438 1935 fortiter
453 1871 613 1956 equaliter
629 1872 720 1950 latos,
735 1882 767 1936 et
780 1871 928 1936 intereos
943 1871 1039 1936 facies
1052 1871 1193 1935 foramen
1204 1881 1317 1934 contra
1328 1893 1420 1933 oram

317 1970 439 2044 cacabi,
455 1969 500 2034 ita
514 1981 549 2034 ut
564 1985 678 2038 ventus
697 1975 778 2037 inter
796 1997 867 2038 eum
884 1974 1000 2053 veniat,
1016 1983 1048 2038 et
1065 1973 1195 2058 singulis
1210 1972 1421 2036 foraminibus

216 2150 223 2158 Ι
257 2131 263 2140 ,
317 2072 450 2158 inpones
464 2072 608 2160 singulos
624 2074 722 2140 ferros
744 2087 854 2141 tenues
872 2086 968 2164 utque
983 2077 1199 2162 complicatos,
1215 2075 1259 2138 ita
1273 2074 1358 2138 utin
1375 2076 1421 2137 eis

319 2175 441 2260 possint
463 2175 578 2240 fistulae
600 2176 720 2242 follium
744 2179 875 2243 firmiter
891 2179 1018 2265 jacere3
1041 2180 1148 2265 sieque
1171 2200 1243 2241 cum
1259 2176 1421 2262 lapidibus

318 2289 351 2341 et
365 2278 476 2364 argilla
498 2279 596 2344 facies
618 2303 712 2366 super
735 2281 837 2366 ipsum
860 2282 1013 2346 cacabum
1035 2282 1068 2344 in
1089 2281 1221 2345 circuitu
1245 2281 1420 2357 fornacem,

320 2381 398 2466 pede
424 2392 457 2446 et
480 2381 611 2447 dimidio
635 2385 744 2463 altum,
771 2395 866 2472 atque
889 2385 1018 2450 interius
1045 2385 1206 2471 aequaliter
1231 2383 1321 2446 linies
1344 2406 1418 2446 cum

318 2485 430 2549 eadem
459 2485 578 2571 argilla,
609 2487 718 2574 sicque
747 2487 902 2552 carbones
931 2489 1048 2574 ignitos
1073 2509 1225 2572 appones.
1271 2484 1422 2572 Cumque

319 2586 452 2672 singulis
474 2587 600 2652 cacabis
623 2588 764 2653 similiter
787 2589 909 2670 feceris,
933 2591 1033 2670 folles,
1056 2600 1179 2654 etcum
1203 2588 1423 2651 instmmentis

319 2689 384 2751 suia
407 2689 438 2753 in
461 2691 576 2777 quibus
599 2691 730 2755 tirmiter
747 2691 887 2777 jaceant,
911 2715 1063 2780 appones,
1086 2692 1252 2778 uuicuique
1274 2691 1422 2754 foramini

319 2790 411 2869 duos,
437 2801 469 2855 et
491 2792 659 2880 unicuique
689 2794 753 2858 folli
781 2795 948 2880 deputabis
975 2797 1070 2861 fortes
1095 2795 1177 2860 viros
1198 2797 1288 2860 duos.
1336 2793 1423 2858 Cum

320 2907 425 2959 autem
441 2896 550 2960 cacabi
574 2897 703 2962 interius
726 2899 807 2964 bene
830 2900 1024 2979 maduerint,
1048 2899 1150 2962 incide
1173 2896 1342 2983 unicuique
1357 2897 1425 2959 duo

321 2999 407 3084 ligna
423 2998 463 3061 de
478 3021 596 3085 quercu
612 3001 696 3064 sicca
711 3011 743 3064 et
758 3025 878 3088 grossa,
894 3003 939 3065 sic
952 3012 1027 3088 apta
1038 3011 1073 3066 ut
1088 2999 1209 3086 possint
1226 2997 1359 3062 fundum
1376 2999 1426 3060 in·

321 3101 416 3164 terius
431 3101 571 3187 implere,
589 3113 620 3166 et
632 3103 713 3166 iuter
722 3127 761 3167 ea
774 3105 914 3168 foramen
928 3105 1024 3169 facies
1035 3127 1091 3190 per
1105 3101 1190 3189 quud
1204 3101 1305 3186 possit
1318 3101 1363 3164 eis
1376 3101 1425 3163 in·
1545 3143 1546 3154 η

321 3203 429 3283 fluere,
444 3215 539 3292 atque
562 3229 655 3291 super
672 3207 740 3270 haec
764 3207 827 3270 duu
850 3207 947 3292 ligna,
963 3207 1026 3270 alia
1043 3206 1184 3293 ejusdem
1209 3227 1375 3281 mensurae,
1392 3213 1426 3268 et

321 3309 354 3373 in
370 3309 499 3373 circuitu
515 3331 554 3374 cx
571 3309 682 3374 eodem
699 3310 785 3395 ligno
801 3332 883 3395 poue
898 3309 988 3396 quasi
1002 3311 1136 3396 paxillos
1151 3307 1365 3394 prominentes
1381 3307 1426 3370 ab

324 3412 372 3476 his
388 3413 480 3498 liguis
496 3435 597 3498 usque
612 3434 705 3498 super
720 3433 808 3476 oram
825 3412 971 3476 fornacis.

367 3919 442 3996 Quo
464 3923 558 4003 facto,
580 3925 769 4010 ponderabis
789 3948 883 3991 omne
903 3940 1109 3993 aeramentum
1130 3927 1216 4014 quod
1237 3925 1349 4004 habes,
1370 3939 1430 3991 erit

323 4036 458 4111 quatuor
468 4037 572 4112 partes
584 4028 646 4091 siut
655 4028 742 4113 cupri
753 4038 784 4092 et
793 4029 904 4116 quinta
914 4031 1028 4117 stagni,
1038 4039 1134 4116 atque
1144 4029 1293 4113 dispones
1303 4026 1428 4090 unicui·

323 4149 385 4213 que
395 4129 814 4207 cacabo,secuudumsuam
826 4133 1046 4217 capacitatem,
1057 4153 1132 4195 suas
1141 4141 1256 4218 partes.
1296 4129 1429 4193 Deinde

324 4231 442 4294 vadens
457 4232 498 4296 ad
510 4232 672 4295 fornacem
689 4231 809 4313 formae,
820 4234 908 4297 eleva
920 4235 1063 4321 superius
1075 4234 1258 4319 operculum
1273 4241 1306 4295 et
1319 4234 1429 4296 consi-

323 4333 399 4396 dera
414 4331 549 4419 qualiter
560 4355 593 4396 se
608 4333 732 4396 habeat.
777 4333 810 4397 Si
827 4337 958 4402 omuimi
973 4337 1137 4402 canduerit
1152 4335 1282 4400 interius
1299 4357 1429 4400 recurra

323 4435 363 4498 ad
376 4435 513 4499 cacabos
524 4443 555 4499 et
567 4433 712 4521 primitus
725 4434 859 4503 immitte
871 4440 1025 4504 carbones
1039 4463 1178 4526 grossos.
1228 4437 1353 4501 Deinde
1367 4439 1428 4500 im·
1545 4503 1546 4524 ,
