3168 5140
331 466 396 534 402
679 489 874 536 rnrcrrrru
897 489 1003 534 nnn
1025 489 1079 536 ιιι.

331 639 407 704 illud
426 639 468 705 ub
487 639 560 728 igne
583 640 723 706 extrahe.
769 639 814 706 Et
833 641 860 705 si
880 661 921 706 ex
941 640 1054 705 eodem
1073 637 1236 704 scultellas
1260 645 1334 702 erte
1354 635 1447 723 figuli

333 741 475 810 studione
490 743 602 822 facus,
618 741 666 808 vis
680 741 861 830 depingere,
884 742 961 806 illud
976 743 1017 806 ud
1032 761 1126 804 usum
1147 749 1280 804 contere
1295 739 1446 826 pictum,

334 851 368 910 et
388 851 420 908 te
434 853 522 908 verte
551 841 593 908 ud
614 843 698 908 hunc
726 851 827 908 artem
849 865 921 931 quae
942 845 977 907 in
998 843 1101 930 primo
1129 841 1211 906 librc
1234 841 1362 926 scripta
1383 850 1445 904 est.

336 943 416 1010 Hoec
430 945 514 1010 enim
530 945 576 1010 ite
590 967 625 1010 se
639 945 746 1010 hebet.
791 951 810 982 ‘⁴
824 945 876 1010 Ex
892 945 972 1010 vitro
987 947 1014 1009 si
1029 945 1100 1032 quis
1115 943 1292 1030 depingere
1307 942 1444 1005 mculn

336 1045 480 1133 querit?

661 1309 895 1410 CAPUT
951 1313 1166 1410 (ΝΠ.ι

663 1514 710 1557 DE
731 1514 942 1559 SCULPBNDIS
963 1514 1107 1580 qums.

552 1643 603 1707 Ul
619 1643 706 1730 cupit
720 1644 866 1732 egregios
880 1644 1002 1731 lapides
1016 1645 1187 1730 irrumpere
1201 1643 1296 1722 ferro,

582 1745 673 1822 Quos
688 1745 867 1810 dilexerunt
881 1765 972 1832 reges
986 1745 1119 1810 nimium
1133 1766 1227 1831 super
1242 1765 1359 1807 aurum

472 1847 570 1913 Urbis
585 1847 741 1912 Romane
755 1848 810 1935 qui
825 1849 926 1912 celsas
935 1849 1007 1934 jam
1022 1857 1149 1914 tenuere

469 1949 575 2028 Artes,
590 1949 750 2036 ingenium
765 1947 852 2037 quod
867 1972 928 2036 ego
943 1949 1002 2014 sub
1018 1957 1123 2014 mente
1138 1946 1297 2033 protunda

472 2049 595 2130 Inveni,
611 2049 757 2137 accipiet,
772 2071 867 2138 quern
882 2051 974 2116 vnlde
988 2060 1038 2116 est
1052 2048 1239 2137 preciosum.

471 2151 607 2216 Urinam
621 2152 700 2216 mihi
714 2153 844 2240 quesivi
857 2153 1035 2240 pariterque
1050 2172 1192 2216 cruorem

471 2251 524 2320 Ex
539 2255 638 2342 hyrco
652 2255 783 2342 ingenti,
798 2256 923 2322 modicd
937 2255 997 2320 sub
1011 2262 1153 2341 ternpore
1168 2260 1295 2339 pesturn

473 2355 610 2436 Hederin
625 2379 690 2444 quo
705 2356 803 2438 facto,
817 2357 971 2422 celefncto
986 2355 1140 2442 sunguine
1154 2375 1298 2440 gemma

474 2453 590 2538 Incidi,
604 2455 700 2520 veluti
714 2457 902 2522 monstravit
917 2456 1040 2521 Plinius
1055 2465 1175 2536 auctor,

473 2559 568 2624 Artes
582 2557 637 2644 qui
652 2557 786 2644 scripsit,
801 2581 880 2646 ques
896 2559 987 2646 plebs
1002 2555 1150 2624 Romanu
1164 2557 1323 2644 probavit,

473 2655 579 2744 Atque
595 2655 687 2722 simul
702 2657 843 2744 lapidum
858 2660 990 2726 virtutes
1004 2660 1129 2748 scripsit
1142 2661 1291 2738 honeste;

474 2757 621 2834 Quorum
635 2759 691 2846 qui
705 2761 808 2826 noscit
820 2761 912 2844 vires,
927 2765 1000 2850 plus
1014 2763 1117 2852 diligit
1130 2763 1201 2828 illos
1209 2787 1219 2842 3

473 2857 560 2924 Nam
574 2861 667 2947 primi
681 2883 772 2950 reges
787 2864 899 2930 urbem
913 2865 968 2952 qui
976 2867 1047 2952 jem
1060 2873 1238 2943 tenuerunt,

475 2959 621 3026 Gemmis
635 2974 787 3029 ornarunt
801 2975 905 3030 vestes
919 2989 996 3032 euro
1011 2967 1192 3046 renitentes,

476 3061 529 3126 Ex
543 3063 658 3150 quibus
673 3063 804 3151 insignis
818 3067 938 3153 primus
952 3068 1012 3132 fuit
1025 3067 1222 3133 Aurelianus.

476 3163 542 3240 Qui
556 3165 699 3251 proprius
712 3175 817 3232 vestes
831 3170 966 3256 gemmis
981 3170 1123 3235 contexit
1137 3180 1169 3235 et
1182 3191 1269 3234 nuro.

648 3517 879 3618 CAPUT
940 3521 1149 3622 CVIII.
1185 3523 1197 3555 ²

692 3723 738 3767 DE
761 3725 935 3772 persomme
957 3728 1101 3773 GEMHIS.

346 3851 649 4012 PREOIOSAS
671 3881 814 3950 gemmus
836 3861 863 3928 si
885 3863 999 3951 queris
1020 3863 1140 3930 lucidus
1158 3861 1262 3930 lacere
1279 3861 1390 3952 recipe
1406 3889 1448 3932 err

439 3979 510 4048 qne
524 3970 598 4027 sunt
610 3959 662 4028 hic
677 3965 805 4050 scripta.
851 3963 982 4054 Petram
1003 3987 1213 4032 marmoreum
1227 3963 1319 4032 valde
1333 3987 1447 4053 oeqrra-

345 4062 409 4128 lem
430 4063 488 4128 tibi
510 4065 628 4150 equire,
651 4065 810 4153 tacitoque
834 4067 895 4132 hoc
922 4067 1009 4156 quod
1031 4067 1117 4133 utilis
1138 4089 1190 4134 ure
1211 4067 1270 4132 tibi
1292 4069 1446 4134 ostendit.

347 4162 518 4230 Gemmam
533 4165 687 4254 aequalem
702 4189 797 4253 super
810 4169 894 4235 hunc
909 4179 1031 4258 petrum
1042 4169 1113 4234 loevi
1124 4169 1244 4234 extrica
1258 4189 1367 4248 menn,
1382 4171 1446 4236 sic·

347 4283 411 4353 que
432 4265 658 4332 obscuritatem
679 4268 742 4335 citd
762 4269 882 4356 perdet,
904 4279 938 4336 et
952 4271 1080 4359 recipiet
1094 4273 1274 4359 preciosum
1294 4271 1444 4338 nitorem.

541 4415 549 4446 ¹
567 4417 694 4468 “Eucti’'
704 4433 757 4484 unp.
768 4430 805 4472 rut
1150 4427 1161 4458 ¹
1174 4424 1244 4473 idem.
