3216 5138
647 535 835 581 ranorum
862 539 965 582 LIBER
990 541 1027 582 ll.

616 809 847 906 CAPUT
905 811 1057 908 XXl

616 1036 660 1078 DE
684 1037 880 1081 FUNDENDIS
904 1039 1063 1083 CALAMIS.

369 1187 451 1254 OST
466 1191 532 1255 hac
556 1193 607 1256 lac
628 1194 686 1258 tibi
708 1195 805 1258 larem
827 1195 881 1259 ubi
905 1197 1070 1281 plumbum
1086 1197 1211 1276 firndas,
1228 1207 1260 1260 et
1274 1198 1306 1260 in
1322 1199 1388 1262 lare

370 1292 488 1358 fossam
506 1295 539 1357 in
558 1317 621 1382 quo
641 1317 741 1381 ponas
761 1306 878 1361 testam
899 1300 970 1363 ollae
992 1321 1153 1386 magnam,
1177 1321 1273 1387 quam
1296 1298 1388 1362 linies

291 1397 420 1460 interius
439 1406 471 1461 et
492 1399 629 1464 exterius
647 1400 757 1484 argillb
775 1422 847 1464 cum
868 1403 944 1466 fimo
968 1402 1127 1467 macerate
1146 1413 1181 1467 ut
1201 1401 1321 1466 firmior
1336 1402 1388 1478 sit,

292 1509 325 1564 et
351 1521 538 1586 supeream
565 1504 720 1567 accendes
745 1503 853 1588 ignem
877 1506 1052 1590 copiosum.
1098 1504 1244 1592 Cumque
1268 1505 1387 1568 siccata

292 1603 395 1683 firen't,
411 1626 494 1689 pone
509 1605 674 1691 plumbum
687 1627 780 1690 super
794 1607 901 1690 ignem
916 1607 998 1671 intra
1012 1615 1138 1686 testam,
1153 1616 1190 1671 nt
1201 1629 1274 1671 cum
1290 1607 1388 1692 lique-

230 1709 239 1724 '
292 1706 412 1772 factum
436 1706 528 1771 fuerit
549 1708 627 1772 fluat
649 1709 681 1772 in
704 1729 785 1772 eam.
833 1708 963 1773 Interim
983 1710 1126 1795 aperiens
1142 1710 1258 1773 ferrum
1273 1707 1388 1771 calami

294 1831 377 1894 pone
392 1831 485 1896 super
500 1811 664 1889 carbones,
679 1821 715 1874 ut
729 1810 866 1875 calidum
886 1812 952 1890 fiat,
968 1821 1000 1875 et
1014 1812 1133 1876 habeas
1148 1812 1268 1897 liguum
1285 1811 1389 1895 longi-

294 1910 413 1974 tudinis
435 1911 528 1975 unius
549 1911 643 1991 adnm,
665 1913 752 1998 quod
775 1915 815 1976 sit
838 1913 870 1976 in
890 1936 956 1978 uno
977 1915 1090 2001 eapite,
1115 1937 1179 2000 quo
1200 1936 1295 1978 manu
1318 1923 1388 1977 ten·

294 2013 405 2092 ebitur,
421 2014 601 2093 rotundum,
616 2015 648 2077 in
661 2015 759 2078 altero
771 2037 844 2078 vero
856 2016 986 2101 planum
998 2017 1140 2080 et'latum
1152 2017 1194 2079 ad
1206 2037 1387 2080 mensuram

294 2125 430 2203 quatuor
448 2115 629 2202 digitorum,
648 2115 702 2181 ubi
720 2117 877 2181 incidatur
894 2118 926 2180 in
947 2129 1126 2183 transverso
1149 2119 1298 2205 usquein
1320 2140 1388 2182 me·

294 2219 382 2283 dium
404 2219 578 2282 secundum
600 2218 798 2282 latitudinem
822 2219 904 2298 ferri,
927 2221 959 2283 in
982 2242 1078 2308 quam
1099 2221 1269 2285 incisuram
1284 2221 1388 2306 ipsum

295 2324 411 2388 ferrum
433 2321 570 2384 calidum
592 2331 626 2386 et
649 2322 681 2385 in
703 2344 737 2386 se
760 2323 902 2386 clausum
928 2343 1037 2408 pones,
1060 2332 1092 2386 et
1113 2323 1159 2386 ita
1180 2323 1213 2387 in
1237 2322 1389 2409 superiori

208 2493 211 2498 ,
295 2435 383 2512 purte
399 2447 494 2490 manu
513 2423 673 2489 modicum
696 2424 814 2490 reflexis
834 2423 966 2503 tenebis,
989 2435 1025 2488 ut
1039 2424 1177 2488 inferiori
1192 2435 1281 2510 parte
1296 2448 1390 2511 super

295 2539 412 2594 terram
427 2537 498 2607 stet,
514 2535 707 2612 acceptaque
729 2529 859 2613 parvula
879 2527 992 2612 patella
1007 2527 1106 2591 ferrea
1121 2528 1284 2607 calefacta,
1298 2529 1389 2592 hauri

295 2633 497 2720 liquefactum
520 2632 682 2717 plumbum
704 2631 850 2695 etfunde
864 2631 898 2693 in
915 2631 1039 2694 ferrum.
1085 2631 1130 2695 Et
1144 2632 1251 2695 stetim
1266 2632 1391 2717 depone

296 2738 444 2824 patellam
459 2757 553 2820 super
568 2734 675 2819 ignem
690 2743 725 2798 ut
739 2755 864 2818 semper
879 2733 919 2796 sit
934 2733 1046 2812 calida,
1059 2735 1258 2820 ejectumque
1274 2734 1389 2797 sermm

295 2862 315 2902 a
336 2840 422 2924 ligno
437 2859 531 2922 super
550 2847 664 2900 terram
680 2836 766 2922 aperi
786 2857 860 2900 cum
881 2836 1016 2914 cultello,
1037 2845 1069 2899 et
1088 2836 1213 2915 eiciens
1230 2837 1388 2900 calamum

296 2962 418 3004 rursum
443 2938 554 3002 claude
579 2949 611 3001 et
637 2959 752 3024 repone
779 2938 812 2999 in
838 2938 970 3024 liguum.
1017 2936 1049 2998 Si
1073 2947 1179 3002 autem
1201 2959 1267 3002 non
1289 2937 1390 3024 possit

296 3041 460 3128 plumbum
476 3041 558 3104 ferro
573 3040 713 3104 funditus
728 3039 868 3118 influere,
884 3039 1037 3104 calefacto
1053 3041 1163 3104 melius
1180 3039 1262 3105 ferro
1277 3040 1391 3106 iterum

296 3144 411 3222 lunde;
430 3141 539 3228 sicque
554 3141 743 3227 temperabis
757 3141 860 3206 donec
873 3144 998 3227 plenum
1015 3143 1081 3221 fiat,
1093 3143 1177 3230 quia,
1193 3141 1219 3206 si
1230 3143 1392 3228 aequaliter

296 3253 505 3332 temperatum
520 3243 622 3324 fuerit,
638 3244 670 3308 in
684 3267 749 3309 uno
764 3245 867 3308 calore
882 3245 952 3330 plus
968 3265 1063 3331 quam
1079 3244 1290 3332 quadraginta
1304 3245 1391 3309 cala·

296 3374 366 3416 mos
381 3349 511 3414 sundere
526 3347 652 3434 poteris.

616 3877 840 3972 CAPUT
897 3875 1089 3970 XXVL

649 4100 696 4143 DE
720 4098 822 4144 mono
847 4095 1038 4141 mensorem.

380 4251 478 4316 UOD
495 4253 520 4316 si
537 4254 653 4317 ferrum
675 4273 738 4315 uon
759 4248 916 4329 habueris,
935 4250 1079 4335 perquire
1094 4248 1151 4312 tibi
1168 4247 1290 4334 lignum
1305 4249 1396 4312 abie-

414 4355 515 4419 tinum
535 4357 583 4419 vel
607 4353 700 4432 aliud,
724 4352 810 4440 quod
835 4352 995 4438 aequaliter
1018 4349 1095 4413 findi
1119 4349 1229 4435 possit,
1253 4349 1394 4436 longitu-

296 4460 388 4537 dinis,
411 4457 586 4522 latitudinis
608 4465 640 4520 et
662 4453 871 4542 spissitudinis
893 4464 928 4517 ut
943 4475 1046 4539 supra,
1061 4453 1146 4539 quod
1164 4453 1273 4514 fissum
1288 4453 1394 4516 incide
