<?xml version="1.0" encoding="UTF-8"?>
<!DOCTYPE html PUBLIC "-//W3C//DTD XHTML 1.0 Transitional//EN"
    "http://www.w3.org/TR/xhtml1/DTD/xhtml1-transitional.dtd">
<html xmlns="http://www.w3.org/1999/xhtml" xml:lang="en" lang="en">
 <head>
  <title>
</title>
<meta http-equiv="Content-Type" content="text/html;charset=utf-8" />
  <meta name='ocr-system' content='tesseract 3.04.00' />
  <meta name='ocr-capabilities' content='ocr_page ocr_carea ocr_par ocr_line ocrx_word'/>
</head>
<body>
  <div class='ocr_page' id='page_1' title='image "./theophiliquietr00hendgoog_0218.png"; bbox 0 0 3216 5138; ppageno 0'>
   <div class='ocr_carea' id='block_1_1' title="bbox 305 492 1049 556">
    <p class='ocr_par' dir='ltr' id='par_1_1' title="bbox 305 492 1049 556">
     <span class='ocr_line' id='line_1_1' title="bbox 305 492 1049 556; baseline -0.003 -1"><span class='ocrx_word' id='word_1_1' title='bbox 305 492 372 556; x_wconf 79' lang='lat'>152.</span> <span class='ocrx_word' id='word_1_2' title='bbox 666 512 857 556; x_wconf 77' lang='lat' dir='ltr'>rusornrnr</span> <span class='ocrx_word' id='word_1_3' title='bbox 885 513 988 555; x_wconf 79' lang='lat' dir='ltr'>urana</span> <span class='ocrx_word' id='word_1_4' title='bbox 1012 512 1049 553; x_wconf 90' lang='lat' dir='ltr'>rr.</span> 
     </span>
    </p>
   </div>
   <div class='ocr_carea' id='block_1_2' title="bbox 298 662 1397 2799">
    <p class='ocr_par' dir='ltr' id='par_1_2' title="bbox 298 662 1397 2799">
     <span class='ocr_line' id='line_1_2' title="bbox 300 662 1397 750; baseline -0.002 -22"><span class='ocrx_word' id='word_1_5' title='bbox 300 665 398 729; x_wconf 86' lang='lat' dir='ltr'>altero</span> <span class='ocrx_word' id='word_1_6' title='bbox 422 663 534 750; x_wconf 82' lang='lat' dir='ltr'>quadri</span> <span class='ocrx_word' id='word_1_7' title='bbox 556 671 588 727; x_wconf 90' lang='lat' dir='ltr'>et</span> <span class='ocrx_word' id='word_1_8' title='bbox 610 664 729 727; x_wconf 84' lang='lat' dir='ltr'>recurvi</span> <span class='ocrx_word' id='word_1_9' title='bbox 748 664 884 749; x_wconf 87' lang='lat' dir='ltr'>penitus,</span> <span class='ocrx_word' id='word_1_10' title='bbox 906 664 952 728; x_wconf 89' lang='lat' dir='ltr'>ita</span> <span class='ocrx_word' id='word_1_11' title='bbox 972 671 1008 726; x_wconf 93' lang='lat' dir='ltr'>ut</span> <span class='ocrx_word' id='word_1_12' title='bbox 1030 662 1174 726; x_wconf 87' lang='lat' dir='ltr'>foramen</span> <span class='ocrx_word' id='word_1_13' title='bbox 1196 670 1350 747; x_wconf 80' lang='lat' dir='ltr'><strong>appareat</strong></span> <span class='ocrx_word' id='word_1_14' title='bbox 1364 663 1397 726; x_wconf 91' lang='lat' dir='ltr'>in</span> 
     </span>
     <span class='ocr_line' id='line_1_3' title="bbox 302 765 1397 852; baseline -0.002 -22"><span class='ocrx_word' id='word_1_15' title='bbox 302 766 417 830; x_wconf 78' lang='lat' dir='ltr'>medio,</span> <span class='ocrx_word' id='word_1_16' title='bbox 464 766 589 830; x_wconf 84' lang='lat' dir='ltr'>Deinde</span> <span class='ocrx_word' id='word_1_17' title='bbox 609 765 717 851; x_wconf 81' lang='lat' dir='ltr'>accipe</span> <span class='ocrx_word' id='word_1_18' title='bbox 733 767 846 829; x_wconf 83' lang='lat' dir='ltr'>vitrum</span> <span class='ocrx_word' id='word_1_19' title='bbox 869 767 990 852; x_wconf 88' lang='lat' dir='ltr'>pictum</span> <span class='ocrx_word' id='word_1_20' title='bbox 1012 774 1044 828; x_wconf 89' lang='lat' dir='ltr'>et</span> <span class='ocrx_word' id='word_1_21' title='bbox 1059 773 1186 828; x_wconf 86' lang='lat' dir='ltr'>coctum</span> <span class='ocrx_word' id='word_1_22' title='bbox 1201 775 1234 828; x_wconf 88' lang='lat' dir='ltr'>et</span> <span class='ocrx_word' id='word_1_23' title='bbox 1248 787 1332 850; x_wconf 87' lang='lat' dir='ltr'>pone</span> <span class='ocrx_word' id='word_1_24' title='bbox 1348 788 1397 830; x_wconf 88' lang='lat' dir='ltr'>se-</span> 
     </span>
     <span class='ocr_line' id='line_1_4' title="bbox 300 866 1396 954; baseline -0.003 -21"><span class='ocrx_word' id='word_1_25' title='bbox 300 869 441 933; x_wconf 90' lang='lat' dir='ltr'>cundum</span> <span class='ocrx_word' id='word_1_26' title='bbox 456 868 598 932; x_wconf 86' lang='lat' dir='ltr'>ordinem</span> <span class='ocrx_word' id='word_1_27' title='bbox 617 868 649 931; x_wconf 88' lang='lat' dir='ltr'>in</span> <span class='ocrx_word' id='word_1_28' title='bbox 672 869 769 932; x_wconf 85' lang='lat' dir='ltr'>altera</span> <span class='ocrx_word' id='word_1_29' title='bbox 790 876 878 954; x_wconf 86' lang='lat' dir='ltr'>perte</span> <span class='ocrx_word' id='word_1_30' title='bbox 899 869 1015 932; x_wconf 72' lang='lat' dir='ltr'>tabulas</span> <span class='ocrx_word' id='word_1_31' title='bbox 1029 867 1083 930; x_wconf 93' lang='lat' dir='ltr'>ubi</span> <span class='ocrx_word' id='word_1_32' title='bbox 1099 866 1186 930; x_wconf 89' lang='lat' dir='ltr'>nulla</span> <span class='ocrx_word' id='word_1_33' title='bbox 1201 875 1250 930; x_wconf 82' lang='lat' dir='ltr'>est</span> <span class='ocrx_word' id='word_1_34' title='bbox 1263 868 1396 952; x_wconf 76' lang='lat' dir='ltr'><strong>pictura.</strong></span> 
     </span>
     <span class='ocr_line' id='line_1_5' title="bbox 302 969 1397 1056; baseline -0.002 -22"><span class='ocrx_word' id='word_1_35' title='bbox 302 970 383 1034; x_wconf 88' lang='lat' dir='ltr'><strong>Post</strong></span> <span class='ocrx_word' id='word_1_36' title='bbox 404 971 471 1034; x_wconf 82' lang='lat' dir='ltr'>haec</span> <span class='ocrx_word' id='word_1_37' title='bbox 493 972 569 1035; x_wconf 90' lang='lat' dir='ltr'>tolle</span> <span class='ocrx_word' id='word_1_38' title='bbox 591 979 686 1056; x_wconf 90' lang='lat' dir='ltr'>caput</span> <span class='ocrx_word' id='word_1_39' title='bbox 708 971 799 1034; x_wconf 88' lang='lat' dir='ltr'>unius</span> <span class='ocrx_word' id='word_1_40' title='bbox 820 970 977 1055; x_wconf 84' lang='lat' dir='ltr'>imaginis,</span> <span class='ocrx_word' id='word_1_41' title='bbox 1000 979 1032 1033; x_wconf 89' lang='lat' dir='ltr'>et</span> <span class='ocrx_word' id='word_1_42' title='bbox 1053 969 1304 1033; x_wconf 81' lang='lat' dir='ltr'>circumvolvens</span> <span class='ocrx_word' id='word_1_43' title='bbox 1321 969 1397 1033; x_wconf 90' lang='lat' dir='ltr'>illud</span> 
     </span>
     <span class='ocr_line' id='line_1_6' title="bbox 299 1072 1396 1158; baseline 0.004 -24"><span class='ocrx_word' id='word_1_44' title='bbox 299 1072 429 1158; x_wconf 87' lang='lat' dir='ltr'>plumbo</span> <span class='ocrx_word' id='word_1_45' title='bbox 453 1095 569 1158; x_wconf 85' lang='lat' dir='ltr'><strong>repone</strong></span> <span class='ocrx_word' id='word_1_46' title='bbox 592 1073 759 1158; x_wconf 77' lang='lat' dir='ltr'>diligenter</span> <span class='ocrx_word' id='word_1_47' title='bbox 781 1073 815 1136; x_wconf 92' lang='lat' dir='ltr'>in</span> <span class='ocrx_word' id='word_1_48' title='bbox 836 1095 894 1136; x_wconf 89' lang='lat' dir='ltr'>suo</span> <span class='ocrx_word' id='word_1_49' title='bbox 917 1073 1000 1154; x_wconf 90' lang='lat' dir='ltr'>loco,</span> <span class='ocrx_word' id='word_1_50' title='bbox 1022 1081 1055 1135; x_wconf 88' lang='lat' dir='ltr'>et</span> <span class='ocrx_word' id='word_1_51' title='bbox 1075 1073 1260 1158; x_wconf 85' lang='lat' dir='ltr'>clrcumfige</span> <span class='ocrx_word' id='word_1_52' title='bbox 1282 1074 1311 1137; x_wconf 92' lang='lat' dir='ltr'>ei</span> <span class='ocrx_word' id='word_1_53' title='bbox 1333 1081 1396 1138; x_wconf 85' lang='lat' dir='ltr'>tres</span> 
     </span>
     <span class='ocr_line' id='line_1_7' title="bbox 301 1176 1397 1262; baseline 0.001 -24"><span class='ocrx_word' id='word_1_54' title='bbox 301 1177 407 1240; x_wconf 89' lang='lat' dir='ltr'>clavos</span> <span class='ocrx_word' id='word_1_55' title='bbox 422 1187 494 1238; x_wconf 86' lang='lat' dir='ltr'>cum</span> <span class='ocrx_word' id='word_1_56' title='bbox 509 1177 625 1240; x_wconf 87' lang='lat' dir='ltr'>malleo</span> <span class='ocrx_word' id='word_1_57' title='bbox 646 1177 685 1240; x_wconf 86' lang='lat' dir='ltr'>ad</span> <span class='ocrx_word' id='word_1_58' title='bbox 707 1176 769 1240; x_wconf 93' lang='lat' dir='ltr'>hoc</span> <span class='ocrx_word' id='word_1_59' title='bbox 789 1197 870 1261; x_wconf 90' lang='lat' dir='ltr'>opus</span> <span class='ocrx_word' id='word_1_60' title='bbox 889 1185 976 1261; x_wconf 87' lang='lat' dir='ltr'>apto,</span> <span class='ocrx_word' id='word_1_61' title='bbox 1000 1176 1177 1260; x_wconf 87' lang='lat' dir='ltr'>adjungens</span> <span class='ocrx_word' id='word_1_62' title='bbox 1197 1176 1226 1238; x_wconf 88' lang='lat' dir='ltr'>ei</span> <span class='ocrx_word' id='word_1_63' title='bbox 1241 1185 1352 1262; x_wconf 87' lang='lat' dir='ltr'>pectus</span> <span class='ocrx_word' id='word_1_64' title='bbox 1365 1185 1397 1240; x_wconf 87' lang='lat' dir='ltr'>et</span> 
     </span>
     <span class='ocr_line' id='line_1_8' title="bbox 301 1281 1395 1368; baseline -0.001 -23"><span class='ocrx_word' id='word_1_65' title='bbox 301 1281 430 1345; x_wconf 89' lang='lat' dir='ltr'>brachia</span> <span class='ocrx_word' id='word_1_66' title='bbox 444 1303 482 1345; x_wconf 90' lang='lat' dir='ltr'>ac</span> <span class='ocrx_word' id='word_1_67' title='bbox 498 1282 617 1368; x_wconf 88' lang='lat' dir='ltr'>reliqua</span> <span class='ocrx_word' id='word_1_68' title='bbox 632 1282 822 1346; x_wconf 86' lang='lat' dir='ltr'>vestimenta</span> <span class='ocrx_word' id='word_1_69' title='bbox 830 1306 839 1361; x_wconf 91' lang='lat'>;</span> <span class='ocrx_word' id='word_1_70' title='bbox 863 1291 895 1345; x_wconf 90' lang='lat' dir='ltr'>et</span> <span class='ocrx_word' id='word_1_71' title='bbox 909 1303 1144 1368; x_wconf 84' lang='lat' dir='ltr'><strong>quamcumque</strong></span> <span class='ocrx_word' id='word_1_72' title='bbox 1159 1289 1281 1366; x_wconf 88' lang='lat' dir='ltr'>partem</span> <span class='ocrx_word' id='word_1_73' title='bbox 1296 1282 1395 1344; x_wconf 88' lang='lat' dir='ltr'>stabi-</span> 
     </span>
     <span class='ocr_line' id='line_1_9' title="bbox 299 1383 1395 1462; baseline -0.003 -14"><span class='ocrx_word' id='word_1_74' title='bbox 299 1383 392 1462; x_wconf 86' lang='lat' dir='ltr'>lieris,</span> <span class='ocrx_word' id='word_1_75' title='bbox 414 1383 569 1448; x_wconf 87' lang='lat' dir='ltr'>confirma</span> <span class='ocrx_word' id='word_1_76' title='bbox 591 1407 662 1448; x_wconf 90' lang='lat' dir='ltr'>eam</span> <span class='ocrx_word' id='word_1_77' title='bbox 685 1385 822 1448; x_wconf 84' lang='lat' dir='ltr'>exterius</span> <span class='ocrx_word' id='word_1_78' title='bbox 845 1384 953 1462; x_wconf 80' lang='lat' dir='ltr'>clavIs,</span> <span class='ocrx_word' id='word_1_79' title='bbox 969 1405 1010 1446; x_wconf 90' lang='lat' dir='ltr'>ne</span> <span class='ocrx_word' id='word_1_80' title='bbox 1026 1392 1190 1446; x_wconf 86' lang='lat' dir='ltr'>moveatur</span> <span class='ocrx_word' id='word_1_81' title='bbox 1205 1405 1224 1446; x_wconf 90' lang='lat' dir='ltr'>a</span> <span class='ocrx_word' id='word_1_82' title='bbox 1239 1405 1296 1446; x_wconf 91' lang='lat' dir='ltr'>suo</span> <span class='ocrx_word' id='word_1_83' title='bbox 1314 1383 1395 1447; x_wconf 91' lang='lat' dir='ltr'>loco.</span> 
     </span>
     <span class='ocr_line' id='line_1_10' title="bbox 299 1485 1395 1573; baseline -0.002 -23"><span class='ocrx_word' id='word_1_84' title='bbox 299 1485 389 1550; x_wconf 87' lang='lat' dir='ltr'>Tunc</span> <span class='ocrx_word' id='word_1_85' title='bbox 404 1486 522 1550; x_wconf 86' lang='lat' dir='ltr'>babeas</span> <span class='ocrx_word' id='word_1_86' title='bbox 537 1487 653 1551; x_wconf 83' lang='lat' dir='ltr'>ferrum</span> <span class='ocrx_word' id='word_1_87' title='bbox 670 1486 898 1565; x_wconf 85' lang='lat' dir='ltr'>solidatorium,</span> <span class='ocrx_word' id='word_1_88' title='bbox 915 1486 1002 1573; x_wconf 95' lang='lat' dir='ltr'>quod</span> <span class='ocrx_word' id='word_1_89' title='bbox 1017 1485 1058 1550; x_wconf 90' lang='lat' dir='ltr'>sit</span> <span class='ocrx_word' id='word_1_90' title='bbox 1072 1487 1205 1571; x_wconf 91' lang='lat' dir='ltr'>longum</span> <span class='ocrx_word' id='word_1_91' title='bbox 1221 1495 1253 1550; x_wconf 88' lang='lat' dir='ltr'>et</span> <span class='ocrx_word' id='word_1_92' title='bbox 1267 1485 1395 1571; x_wconf 86' lang='lat' dir='ltr'>gracile,</span> 
     </span>
     <span class='ocr_line' id='line_1_11' title="bbox 299 1586 1396 1675; baseline -0.002 -23"><span class='ocrx_word' id='word_1_93' title='bbox 299 1589 331 1653; x_wconf 92' lang='lat' dir='ltr'>in</span> <span class='ocrx_word' id='word_1_94' title='bbox 347 1591 527 1654; x_wconf 83' lang='lat' dir='ltr'>summitate</span> <span class='ocrx_word' id='word_1_95' title='bbox 542 1611 617 1653; x_wconf 87' lang='lat' dir='ltr'>vero</span> <span class='ocrx_word' id='word_1_96' title='bbox 639 1610 785 1675; x_wconf 88' lang='lat' dir='ltr'>grossum</span> <span class='ocrx_word' id='word_1_97' title='bbox 805 1610 842 1652; x_wconf 88' lang='lat' dir='ltr'>ac</span> <span class='ocrx_word' id='word_1_98' title='bbox 863 1588 1046 1668; x_wconf 90' lang='lat' dir='ltr'>rotundum,</span> <span class='ocrx_word' id='word_1_99' title='bbox 1065 1588 1142 1651; x_wconf 91' lang='lat' dir='ltr'>etin</span> <span class='ocrx_word' id='word_1_100' title='bbox 1157 1609 1282 1652; x_wconf 91' lang='lat' dir='ltr'>summo</span> <span class='ocrx_word' id='word_1_101' title='bbox 1297 1586 1396 1672; x_wconf 90' lang='lat' dir='ltr'>ipsius</span> 
     </span>
     <span class='ocr_line' id='line_1_12' title="bbox 300 1692 1395 1778; baseline -0.002 -23"><span class='ocrx_word' id='word_1_102' title='bbox 300 1692 501 1757; x_wconf 81' lang='lat' dir='ltr'>rotunditatis</span> <span class='ocrx_word' id='word_1_103' title='bbox 515 1692 686 1756; x_wconf 90' lang='lat' dir='ltr'>deductum</span> <span class='ocrx_word' id='word_1_104' title='bbox 703 1701 736 1758; x_wconf 86' lang='lat' dir='ltr'>et</span> <span class='ocrx_word' id='word_1_105' title='bbox 757 1693 884 1778; x_wconf 88' lang='lat' dir='ltr'>graeile,</span> <span class='ocrx_word' id='word_1_106' title='bbox 899 1692 1043 1756; x_wconf 90' lang='lat' dir='ltr'>limatum</span> <span class='ocrx_word' id='word_1_107' title='bbox 1059 1701 1091 1755; x_wconf 89' lang='lat' dir='ltr'>et</span> <span class='ocrx_word' id='word_1_108' title='bbox 1107 1700 1395 1777; x_wconf 85' lang='lat' dir='ltr'>superstannatum,</span> 
     </span>
     <span class='ocr_line' id='line_1_13' title="bbox 299 1793 1394 1881; baseline -0.001 -25"><span class='ocrx_word' id='word_1_109' title='bbox 299 1802 497 1880; x_wconf 84' lang='lat' dir='ltr'>ponaturque</span> <span class='ocrx_word' id='word_1_110' title='bbox 512 1793 544 1856; x_wconf 92' lang='lat' dir='ltr'>in</span> <span class='ocrx_word' id='word_1_111' title='bbox 559 1793 677 1878; x_wconf 88' lang='lat' dir='ltr'>ignem.</span> <span class='ocrx_word' id='word_1_112' title='bbox 723 1794 854 1859; x_wconf 80' lang='lat' dir='ltr'>Interim</span> <span class='ocrx_word' id='word_1_113' title='bbox 869 1795 977 1881; x_wconf 80' lang='lat' dir='ltr'><strong>accipe</strong></span> <span class='ocrx_word' id='word_1_114' title='bbox 992 1795 1133 1859; x_wconf 90' lang='lat' dir='ltr'>calamos</span> <span class='ocrx_word' id='word_1_115' title='bbox 1148 1803 1297 1879; x_wconf 81' lang='lat' dir='ltr'>stagneos</span> <span class='ocrx_word' id='word_1_116' title='bbox 1313 1813 1394 1879; x_wconf 91' lang='lat' dir='ltr'>quos</span> 
     </span>
     <span class='ocr_line' id='line_1_14' title="bbox 298 1893 1395 1983; baseline -0.004 -24"><span class='ocrx_word' id='word_1_117' title='bbox 298 1896 417 1975; x_wconf 83' lang='lat' dir='ltr'>fudisti,</span> <span class='ocrx_word' id='word_1_118' title='bbox 433 1904 465 1959; x_wconf 89' lang='lat' dir='ltr'>et</span> <span class='ocrx_word' id='word_1_119' title='bbox 480 1895 632 1980; x_wconf 86' lang='lat' dir='ltr'>perfirude</span> <span class='ocrx_word' id='word_1_120' title='bbox 648 1917 702 1959; x_wconf 88' lang='lat' dir='ltr'>eos</span> <span class='ocrx_word' id='word_1_121' title='bbox 718 1895 791 1960; x_wconf 73' lang='lat' dir='ltr'>cerri</span> <span class='ocrx_word' id='word_1_122' title='bbox 805 1919 844 1959; x_wconf 84' lang='lat' dir='ltr'>ex</span> <span class='ocrx_word' id='word_1_123' title='bbox 859 1906 993 1983; x_wconf 88' lang='lat' dir='ltr'>utraque</span> <span class='ocrx_word' id='word_1_124' title='bbox 1005 1907 1104 1982; x_wconf 82' lang='lat' dir='ltr'>parts,</span> <span class='ocrx_word' id='word_1_125' title='bbox 1117 1905 1149 1960; x_wconf 89' lang='lat' dir='ltr'>et</span> <span class='ocrx_word' id='word_1_126' title='bbox 1160 1895 1274 1959; x_wconf 86' lang='lat' dir='ltr'>radens</span> <span class='ocrx_word' id='word_1_127' title='bbox 1290 1893 1395 1980; x_wconf 93' lang='lat' dir='ltr'>plum·</span> 
     </span>
     <span class='ocr_line' id='line_1_15' title="bbox 299 1996 1395 2084; baseline -0.005 -22"><span class='ocrx_word' id='word_1_128' title='bbox 299 1999 375 2062; x_wconf 91' lang='lat' dir='ltr'>bum</span> <span class='ocrx_word' id='word_1_129' title='bbox 390 1997 423 2060; x_wconf 93' lang='lat' dir='ltr'>in</span> <span class='ocrx_word' id='word_1_130' title='bbox 438 1996 601 2081; x_wconf 86' lang='lat' dir='ltr'>superficie</span> <span class='ocrx_word' id='word_1_131' title='bbox 624 2018 679 2081; x_wconf 87' lang='lat' dir='ltr'>per</span> <span class='ocrx_word' id='word_1_132' title='bbox 702 1997 809 2060; x_wconf 91' lang='lat' dir='ltr'>omnia</span> <span class='ocrx_word' id='word_1_133' title='bbox 831 1999 912 2076; x_wconf 88' lang='lat' dir='ltr'>loca,</span> <span class='ocrx_word' id='word_1_134' title='bbox 928 2021 998 2084; x_wconf 87' lang='lat' dir='ltr'>quae</span> <span class='ocrx_word' id='word_1_135' title='bbox 1020 1997 1185 2062; x_wconf 86' lang='lat' dir='ltr'>solidanda</span> <span class='ocrx_word' id='word_1_136' title='bbox 1201 2005 1285 2060; x_wconf 90' lang='lat' dir='ltr'>sunt.</span> <span class='ocrx_word' id='word_1_137' title='bbox 1331 1996 1395 2056; x_wconf 84' lang='lat' dir='ltr'>Ae-</span> 
     </span>
     <span class='ocr_line' id='line_1_16' title="bbox 298 2097 1395 2186; baseline -0.005 -22"><span class='ocrx_word' id='word_1_138' title='bbox 298 2109 390 2186; x_wconf 90' lang='lat' dir='ltr'>cepto</span> <span class='ocrx_word' id='word_1_139' title='bbox 406 2100 487 2164; x_wconf 86' lang='lat' dir='ltr'>Ierro</span> <span class='ocrx_word' id='word_1_140' title='bbox 502 2099 605 2164; x_wconf 91' lang='lat' dir='ltr'>calido</span> <span class='ocrx_word' id='word_1_141' title='bbox 620 2121 745 2185; x_wconf 89' lang='lat' dir='ltr'>appone</span> <span class='ocrx_word' id='word_1_142' title='bbox 761 2101 789 2162; x_wconf 90' lang='lat' dir='ltr'>ei</span> <span class='ocrx_word' id='word_1_143' title='bbox 805 2109 963 2186; x_wconf 82' lang='lat' dir='ltr'>stagnum,</span> <span class='ocrx_word' id='word_1_144' title='bbox 979 2100 1011 2163; x_wconf 91' lang='lat' dir='ltr'>in</span> <span class='ocrx_word' id='word_1_145' title='bbox 1021 2121 1222 2186; x_wconf 87' lang='lat' dir='ltr'>quocumque</span> <span class='ocrx_word' id='word_1_146' title='bbox 1237 2099 1307 2161; x_wconf 88' lang='lat' dir='ltr'>loco</span> <span class='ocrx_word' id='word_1_147' title='bbox 1323 2097 1395 2159; x_wconf 84' lang='lat' dir='ltr'>duae</span> 
     </span>
     <span class='ocr_line' id='line_1_17' title="bbox 298 2200 1394 2286; baseline -0.001 -23"><span class='ocrx_word' id='word_1_148' title='bbox 298 2211 403 2285; x_wconf 89' lang='lat' dir='ltr'>partes</span> <span class='ocrx_word' id='word_1_149' title='bbox 418 2200 538 2286; x_wconf 90' lang='lat' dir='ltr'>plumbi</span> <span class='ocrx_word' id='word_1_150' title='bbox 554 2201 756 2280; x_wconf 85' lang='lat' dir='ltr'>conveniunt,</span> <span class='ocrx_word' id='word_1_151' title='bbox 771 2211 803 2265; x_wconf 90' lang='lat' dir='ltr'>et</span> <span class='ocrx_word' id='word_1_152' title='bbox 818 2225 891 2266; x_wconf 91' lang='lat' dir='ltr'>cum</span> <span class='ocrx_word' id='word_1_153' title='bbox 907 2203 988 2267; x_wconf 90' lang='lat' dir='ltr'>ferro</span> <span class='ocrx_word' id='word_1_154' title='bbox 1000 2203 1090 2266; x_wconf 90' lang='lat' dir='ltr'>linies</span> <span class='ocrx_word' id='word_1_155' title='bbox 1101 2203 1203 2266; x_wconf 89' lang='lat' dir='ltr'>donec</span> <span class='ocrx_word' id='word_1_156' title='bbox 1215 2201 1275 2264; x_wconf 88' lang='lat' dir='ltr'>sibi</span> <span class='ocrx_word' id='word_1_157' title='bbox 1287 2200 1394 2264; x_wconf 81' lang='lat' dir='ltr'>adhae·</span> 
     </span>
     <span class='ocr_line' id='line_1_18' title="bbox 298 2301 1394 2390; baseline 0.002 -26"><span class='ocrx_word' id='word_1_158' title='bbox 298 2311 397 2366; x_wconf 74' lang='lat' dir='ltr'>scant.</span> <span class='ocrx_word' id='word_1_159' title='bbox 443 2301 576 2368; x_wconf 87' lang='lat' dir='ltr'>Statutis</span> <span class='ocrx_word' id='word_1_160' title='bbox 592 2325 666 2368; x_wconf 88' lang='lat' dir='ltr'>vcro</span> <span class='ocrx_word' id='word_1_161' title='bbox 682 2303 873 2390; x_wconf 89' lang='lat' dir='ltr'>imaginibus</span> <span class='ocrx_word' id='word_1_162' title='bbox 888 2305 1000 2369; x_wconf 91' lang='lat' dir='ltr'>eodem</span> <span class='ocrx_word' id='word_1_163' title='bbox 1016 2305 1114 2369; x_wconf 91' lang='lat' dir='ltr'>modo</span> <span class='ocrx_word' id='word_1_164' title='bbox 1129 2305 1290 2370; x_wconf 83' lang='lat' dir='ltr'>ordinabis</span> <span class='ocrx_word' id='word_1_165' title='bbox 1305 2325 1394 2367; x_wconf 89' lang='lat' dir='ltr'>cam-</span> 
     </span>
     <span class='ocr_line' id='line_1_19' title="bbox 298 2405 1394 2493; baseline 0.001 -26"><span class='ocrx_word' id='word_1_166' title='bbox 298 2425 356 2488; x_wconf 92' lang='lat' dir='ltr'>pos</span> <span class='ocrx_word' id='word_1_167' title='bbox 380 2405 605 2491; x_wconf 90' lang='lat' dir='ltr'>cujuscumque</span> <span class='ocrx_word' id='word_1_168' title='bbox 631 2406 746 2470; x_wconf 91' lang='lat' dir='ltr'>coloris</span> <span class='ocrx_word' id='word_1_169' title='bbox 767 2407 912 2486; x_wconf 90' lang='lat' dir='ltr'>volueris,</span> <span class='ocrx_word' id='word_1_170' title='bbox 937 2416 969 2470; x_wconf 87' lang='lat' dir='ltr'>et</span> <span class='ocrx_word' id='word_1_171' title='bbox 996 2407 1041 2471; x_wconf 89' lang='lat' dir='ltr'>sic</span> <span class='ocrx_word' id='word_1_172' title='bbox 1066 2406 1278 2493; x_wconf 84' lang='lat' dir='ltr'>particulatim</span> <span class='ocrx_word' id='word_1_173' title='bbox 1304 2427 1394 2469; x_wconf 90' lang='lat' dir='ltr'>com-</span> 
     </span>
     <span class='ocr_line' id='line_1_20' title="bbox 299 2507 1394 2590; baseline 0.004 -21"><span class='ocrx_word' id='word_1_174' title='bbox 299 2527 398 2590; x_wconf 86' lang='lat' dir='ltr'>pones</span> <span class='ocrx_word' id='word_1_175' title='bbox 423 2507 592 2572; x_wconf 79' lang='lat' dir='ltr'>fenestram</span> <span class='ocrx_word' id='word_1_176' title='bbox 621 2517 719 2573; x_wconf 87' lang='lat' dir='ltr'>tuam.</span> <span class='ocrx_word' id='word_1_177' title='bbox 767 2508 912 2572; x_wconf 79' lang='lat' dir='ltr'>Perfecta</span> <span class='ocrx_word' id='word_1_178' title='bbox 936 2531 1009 2573; x_wconf 86' lang='lat' dir='ltr'>vero</span> <span class='ocrx_word' id='word_1_179' title='bbox 1040 2510 1176 2574; x_wconf 88' lang='lat' dir='ltr'>fenestra</span> <span class='ocrx_word' id='word_1_180' title='bbox 1206 2517 1238 2573; x_wconf 85' lang='lat' dir='ltr'>et</span> <span class='ocrx_word' id='word_1_181' title='bbox 1267 2509 1300 2572; x_wconf 91' lang='lat' dir='ltr'>in</span> <span class='ocrx_word' id='word_1_182' title='bbox 1329 2530 1394 2573; x_wconf 90' lang='lat' dir='ltr'>uno</span> 
     </span>
     <span class='ocr_line' id='line_1_21' title="bbox 298 2610 1396 2690; baseline 0.002 -19"><span class='ocrx_word' id='word_1_183' title='bbox 298 2610 394 2673; x_wconf 90' lang='lat' dir='ltr'>latere</span> <span class='ocrx_word' id='word_1_184' title='bbox 417 2610 561 2690; x_wconf 84' lang='lat' dir='ltr'>solidata,</span> <span class='ocrx_word' id='word_1_185' title='bbox 586 2632 771 2676; x_wconf 85' lang='lat' dir='ltr'>conversam</span> <span class='ocrx_word' id='word_1_186' title='bbox 795 2613 828 2675; x_wconf 92' lang='lat' dir='ltr'>in</span> <span class='ocrx_word' id='word_1_187' title='bbox 854 2611 938 2676; x_wconf 87' lang='lat' dir='ltr'>aliud</span> <span class='ocrx_word' id='word_1_188' title='bbox 967 2611 1058 2675; x_wconf 91' lang='lat' dir='ltr'>simili</span> <span class='ocrx_word' id='word_1_189' title='bbox 1082 2612 1177 2676; x_wconf 87' lang='lat' dir='ltr'>modo</span> <span class='ocrx_word' id='word_1_190' title='bbox 1200 2610 1340 2675; x_wconf 88' lang='lat' dir='ltr'>radendo</span> <span class='ocrx_word' id='word_1_191' title='bbox 1362 2620 1396 2674; x_wconf 89' lang='lat' dir='ltr'>et</span> 
     </span>
     <span class='ocr_line' id='line_1_22' title="bbox 298 2712 822 2799; baseline 0.008 -25"><span class='ocrx_word' id='word_1_192' title='bbox 298 2712 464 2778; x_wconf 85' lang='lat' dir='ltr'>solidando</span> <span class='ocrx_word' id='word_1_193' title='bbox 480 2713 620 2777; x_wconf 90' lang='lat' dir='ltr'>firmabis</span> <span class='ocrx_word' id='word_1_194' title='bbox 636 2736 692 2799; x_wconf 90' lang='lat' dir='ltr'>per</span> <span class='ocrx_word' id='word_1_195' title='bbox 706 2715 822 2778; x_wconf 89' lang='lat' dir='ltr'>omnia.</span> 
     </span>
    </p>
   </div>
   <div class='ocr_carea' id='block_1_3' title="bbox 564 3438 1119 3536">
    <p class='ocr_par' dir='ltr' id='par_1_3' title="bbox 564 3438 1119 3536">
     <span class='ocr_line' id='line_1_23' title="bbox 564 3438 1119 3536; baseline -0.007 0"><span class='ocrx_word' id='word_1_196' title='bbox 564 3439 794 3536; x_wconf 88' lang='lat' dir='ltr'><strong>CAPUT</strong></span> <span class='ocrx_word' id='word_1_197' title='bbox 853 3438 1119 3534; x_wconf 88' lang='lat' dir='ltr'>XXVIII.</span> 
     </span>
    </p>
   </div>
   <div class='ocr_carea' id='block_1_4' title="bbox 495 3671 1193 3718">
    <p class='ocr_par' dir='ltr' id='par_1_4' title="bbox 495 3671 1193 3718">
     <span class='ocr_line' id='line_1_24' title="bbox 495 3671 1193 3718; baseline -0.001 0"><span class='ocrx_word' id='word_1_198' title='bbox 495 3675 541 3718; x_wconf 80' lang='lat' dir='ltr'>DE</span> <span class='ocrx_word' id='word_1_199' title='bbox 564 3675 696 3718; x_wconf 65' lang='lat' dir='ltr'>Gemma</span> <span class='ocrx_word' id='word_1_200' title='bbox 722 3674 818 3718; x_wconf 83' lang='lat' dir='ltr'>PIGTO</span> <span class='ocrx_word' id='word_1_201' title='bbox 842 3671 945 3716; x_wconf 68' lang='lat' dir='ltr'>viano</span> <span class='ocrx_word' id='word_1_202' title='bbox 969 3671 1193 3717; x_wconf 59' lang='lat' dir='ltr'>importarem&amp;</span> 
     </span>
    </p>
   </div>
   <div class='ocr_carea' id='block_1_5' title="bbox 297 3834 1394 4542">
    <p class='ocr_par' dir='ltr' id='par_1_5' title="bbox 297 3834 1394 4542">
     <span class='ocr_line' id='line_1_25' title="bbox 297 3834 1394 3991; baseline -0.004 -87"><span class='ocrx_word' id='word_1_203' title='bbox 297 3839 373 3991; x_wconf 81' lang='lat' dir='ltr'>IN</span> <span class='ocrx_word' id='word_1_204' title='bbox 395 3839 585 3926; x_wconf 83' lang='lat' dir='ltr'>imaginibus</span> <span class='ocrx_word' id='word_1_205' title='bbox 602 3860 676 3902; x_wconf 90' lang='lat' dir='ltr'>vero</span> <span class='ocrx_word' id='word_1_206' title='bbox 692 3837 900 3902; x_wconf 85' lang='lat' dir='ltr'>fenestrarum</span> <span class='ocrx_word' id='word_1_207' title='bbox 920 3838 947 3902; x_wconf 90' lang='lat' dir='ltr'>si</span> <span class='ocrx_word' id='word_1_208' title='bbox 962 3837 1096 3901; x_wconf 84' lang='lat' dir='ltr'>volueris</span> <span class='ocrx_word' id='word_1_209' title='bbox 1116 3837 1149 3899; x_wconf 91' lang='lat' dir='ltr'>in</span> <span class='ocrx_word' id='word_1_210' title='bbox 1169 3834 1325 3916; x_wconf 77' lang='lat' dir='ltr'>crucibuS,</span> <span class='ocrx_word' id='word_1_211' title='bbox 1344 3839 1394 3900; x_wconf 85' lang='lat' dir='ltr'>vel</span> 
     </span>
     <span class='ocr_line' id='line_1_26' title="bbox 378 3938 1393 4023; baseline -0.005 -17"><span class='ocrx_word' id='word_1_212' title='bbox 378 3943 411 4006; x_wconf 91' lang='lat' dir='ltr'>in</span> <span class='ocrx_word' id='word_1_213' title='bbox 439 3942 537 4020; x_wconf 90' lang='lat' dir='ltr'>libris,</span> <span class='ocrx_word' id='word_1_214' title='bbox 564 3949 619 4004; x_wconf 89' lang='lat' dir='ltr'>aut</span> <span class='ocrx_word' id='word_1_215' title='bbox 647 3940 680 4003; x_wconf 90' lang='lat' dir='ltr'>in</span> <span class='ocrx_word' id='word_1_216' title='bbox 711 3948 824 4004; x_wconf 89' lang='lat' dir='ltr'>ornatu</span> <span class='ocrx_word' id='word_1_217' title='bbox 850 3940 1122 4019; x_wconf 87' lang='lat' dir='ltr'>vestimentorum,</span> <span class='ocrx_word' id='word_1_218' title='bbox 1148 3960 1243 4023; x_wconf 88' lang='lat' dir='ltr'>super</span> <span class='ocrx_word' id='word_1_219' title='bbox 1273 3938 1393 4023; x_wconf 87' lang='lat' dir='ltr'>pictum</span> 
     </span>
     <span class='ocr_line' id='line_1_27' title="bbox 297 4040 1394 4130; baseline -0.006 -20"><span class='ocrx_word' id='word_1_220' title='bbox 297 4047 411 4110; x_wconf 85' lang='lat' dir='ltr'>vitrum</span> <span class='ocrx_word' id='word_1_221' title='bbox 434 4065 577 4130; x_wconf 83' lang='lat' dir='ltr'>gemmas</span> <span class='ocrx_word' id='word_1_222' title='bbox 600 4043 703 4106; x_wconf 84' lang='lat' dir='ltr'>facere</span> <span class='ocrx_word' id='word_1_223' title='bbox 726 4041 853 4105; x_wconf 89' lang='lat' dir='ltr'>alterius</span> <span class='ocrx_word' id='word_1_224' title='bbox 873 4043 987 4106; x_wconf 88' lang='lat' dir='ltr'>coloris</span> <span class='ocrx_word' id='word_1_225' title='bbox 1007 4041 1128 4129; x_wconf 88' lang='lat' dir='ltr'>absque</span> <span class='ocrx_word' id='word_1_226' title='bbox 1149 4041 1289 4126; x_wconf 89' lang='lat' dir='ltr'>plumbo,</span> <span class='ocrx_word' id='word_1_227' title='bbox 1306 4040 1394 4104; x_wconf 88' lang='lat' dir='ltr'>vide·</span> 
     </span>
     <span class='ocr_line' id='line_1_28' title="bbox 297 4143 1394 4230; baseline -0.006 -16"><span class='ocrx_word' id='word_1_228' title='bbox 297 4151 370 4214; x_wconf 86' lang='lat' dir='ltr'>licet</span> <span class='ocrx_word' id='word_1_229' title='bbox 391 4146 542 4211; x_wconf 87' lang='lat' dir='ltr'>incinctos</span> <span class='ocrx_word' id='word_1_230' title='bbox 564 4154 597 4210; x_wconf 88' lang='lat' dir='ltr'>et</span> <span class='ocrx_word' id='word_1_231' title='bbox 618 4145 815 4230; x_wconf 87' lang='lat' dir='ltr'>smaragdos,</span> <span class='ocrx_word' id='word_1_232' title='bbox 838 4143 899 4207; x_wconf 88' lang='lat' dir='ltr'>hoe</span> <span class='ocrx_word' id='word_1_233' title='bbox 922 4145 1018 4208; x_wconf 89' lang='lat' dir='ltr'>modo</span> <span class='ocrx_word' id='word_1_234' title='bbox 1041 4166 1129 4230; x_wconf 85' lang='lat' dir='ltr'>agas.</span> <span class='ocrx_word' id='word_1_235' title='bbox 1176 4143 1258 4206; x_wconf 85' lang='lat' dir='ltr'>Cum</span> <span class='ocrx_word' id='word_1_236' title='bbox 1282 4143 1394 4207; x_wconf 87' lang='lat' dir='ltr'>feceris</span> 
     </span>
     <span class='ocr_line' id='line_1_29' title="bbox 299 4244 1394 4340; baseline -0.009 -22"><span class='ocrx_word' id='word_1_237' title='bbox 299 4273 406 4317; x_wconf 88' lang='lat' dir='ltr'>cruces</span> <span class='ocrx_word' id='word_1_238' title='bbox 436 4251 468 4312; x_wconf 91' lang='lat' dir='ltr'>in</span> <span class='ocrx_word' id='word_1_239' title='bbox 498 4248 563 4312; x_wconf 87' lang='lat' dir='ltr'>suis</span> <span class='ocrx_word' id='word_1_240' title='bbox 588 4248 667 4312; x_wconf 91' lang='lat' dir='ltr'>locis</span> <span class='ocrx_word' id='word_1_241' title='bbox 693 4247 725 4310; x_wconf 91' lang='lat' dir='ltr'>in</span> <span class='ocrx_word' id='word_1_242' title='bbox 752 4246 854 4340; x_wconf 77' lang='lat' dir='ltr'>capite</span> <span class='ocrx_word' id='word_1_243' title='bbox 882 4246 1067 4332; x_wconf 83' lang='lat' dir='ltr'>majestatis,</span> <span class='ocrx_word' id='word_1_244' title='bbox 1094 4255 1150 4309; x_wconf 90' lang='lat' dir='ltr'>aut</span> <span class='ocrx_word' id='word_1_245' title='bbox 1176 4244 1301 4322; x_wconf 90' lang='lat' dir='ltr'>librum,</span> <span class='ocrx_word' id='word_1_246' title='bbox 1328 4245 1394 4309; x_wconf 88' lang='lat' dir='ltr'>sive</span> 
     </span>
     <span class='ocr_line' id='line_1_30' title="bbox 299 4345 1394 4435; baseline -0.012 -13"><span class='ocrx_word' id='word_1_247' title='bbox 299 4361 484 4421; x_wconf 84' lang='lat' dir='ltr'>ornamenta</span> <span class='ocrx_word' id='word_1_248' title='bbox 498 4353 530 4414; x_wconf 93' lang='lat' dir='ltr'>in</span> <span class='ocrx_word' id='word_1_249' title='bbox 546 4351 609 4414; x_wconf 86' lang='lat' dir='ltr'>fine</span> <span class='ocrx_word' id='word_1_250' title='bbox 624 4349 769 4427; x_wconf 85' lang='lat' dir='ltr'>vestium,</span> <span class='ocrx_word' id='word_1_251' title='bbox 784 4371 855 4434; x_wconf 84' lang='lat' dir='ltr'>quae</span> <span class='ocrx_word' id='word_1_252' title='bbox 873 4349 907 4412; x_wconf 92' lang='lat' dir='ltr'>in</span> <span class='ocrx_word' id='word_1_253' title='bbox 928 4350 1049 4435; x_wconf 88' lang='lat' dir='ltr'>pictura</span> <span class='ocrx_word' id='word_1_254' title='bbox 1069 4349 1150 4412; x_wconf 87' lang='lat' dir='ltr'>fiunt</span> <span class='ocrx_word' id='word_1_255' title='bbox 1169 4369 1208 4410; x_wconf 84' lang='lat' dir='ltr'>ex</span> <span class='ocrx_word' id='word_1_256' title='bbox 1229 4368 1305 4408; x_wconf 88' lang='lat' dir='ltr'>auro</span> <span class='ocrx_word' id='word_1_257' title='bbox 1327 4345 1394 4409; x_wconf 88' lang='lat' dir='ltr'>sive</span> 
     </span>
     <span class='ocr_line' id='line_1_31' title="bbox 299 4448 1392 4542; baseline -0.013 -18"><span class='ocrx_word' id='word_1_258' title='bbox 299 4483 337 4523; x_wconf 85' lang='lat' dir='ltr'>ex</span> <span class='ocrx_word' id='word_1_259' title='bbox 354 4455 595 4542; x_wconf 88' lang='lat' dir='ltr'>auripigmento,</span> <span class='ocrx_word' id='word_1_260' title='bbox 610 4452 679 4515; x_wconf 85' lang='lat' dir='ltr'>haec</span> <span class='ocrx_word' id='word_1_261' title='bbox 700 4451 732 4515; x_wconf 90' lang='lat' dir='ltr'>in</span> <span class='ocrx_word' id='word_1_262' title='bbox 753 4451 894 4515; x_wconf 86' lang='lat' dir='ltr'>fenestris</span> <span class='ocrx_word' id='word_1_263' title='bbox 915 4452 993 4515; x_wconf 85' lang='lat' dir='ltr'>fiant</span> <span class='ocrx_word' id='word_1_264' title='bbox 1011 4473 1050 4514; x_wconf 82' lang='lat' dir='ltr'>ex</span> <span class='ocrx_word' id='word_1_265' title='bbox 1072 4471 1184 4515; x_wconf 90' lang='lat' dir='ltr'>croceo</span> <span class='ocrx_word' id='word_1_266' title='bbox 1201 4448 1280 4512; x_wconf 91' lang='lat' dir='ltr'>vitro</span> <span class='ocrx_word' id='word_1_267' title='bbox 1296 4449 1392 4511; x_wconf 88' lang='lat' dir='ltr'>claro.</span> 
     </span>
    </p>
   </div>
   <div class='ocr_carea' id='block_1_6' title="bbox 0 0 1612 5138">
    <p class='ocr_par' dir='ltr' id='par_1_6' title="bbox 0 0 1612 5138">
     <span class='ocr_line' id='line_1_32' title="bbox 0 0 1612 5138; baseline 0 0"><span class='ocrx_word' id='word_1_268' title='bbox 0 0 1612 5138; x_wconf 95' lang='lat' dir='ltr'> </span> 
     </span>
    </p>
   </div>
  </div>
 </body>
</html>
