3140 5152
311 494 375 558 318
671 511 861 556 ranornrnr
886 511 990 556 urana
1013 512 1068 557 111.

312 675 370 730 est.
417 663 491 730 Non
512 663 596 728 enim
616 663 747 750 sulphur
766 663 834 728 auri
854 663 1025 750 quicquam
1046 663 1215 743 consumit,
1237 663 1295 728 sed
1312 661 1422 730 solum

313 773 489 852 argentum,
511 765 598 852 quod
620 766 724 830 taliter
745 765 787 830 ab
808 786 887 829 suro
909 774 1046 850 separat,
1073 765 1225 852 quodque
1245 765 1423 852 diligenter

313 867 462 932 servabis.
517 867 656 932 Rursum
687 868 718 931 in
748 867 860 930 eodem
890 867 1020 930 vasculo
1050 867 1133 931 sicut
1160 865 1246 952 prius
1276 867 1423 954 liquefac

312 971 417 1055 ipsum
438 978 596 1036 summat
616 969 706 1034 adice
725 968 866 1056 sulphur.
911 967 987 1044 Quo
1007 977 1170 1032 commoto
1190 975 1285 1056 atque
1301 969 1424 1050 effuso,

313 1071 399 1158 quod
416 1072 541 1159 nigrum
556 1072 649 1136 fuerit
663 1072 774 1157 frange
789 1079 822 1134 et
836 1091 936 1149 serva,
948 1069 1057 1157 sicque
1073 1069 1170 1134 facies
1183 1070 1286 1136 donec
1301 1094 1423 1140 aurum

314 1193 426 1258 pumm
448 1183 608 1261 appareat.
655 1174 780 1238 Deinde
802 1193 897 1238 omne
919 1171 995 1236 illud
1018 1171 1154 1258 nigmm,
1176 1171 1264 1260 quod
1282 1174 1424 1238 servasti

314 1275 490 1362 diligenter,
516 1297 673 1362 compone
703 1295 797 1360 super
825 1281 940 1340 testem
969 1273 1181 1360 compositam
1211 1297 1252 1338 ex
1282 1297 1357 1339 osse
1389 1285 1425 1339 et

314 1377 429 1458 cinere,
453 1387 485 1443 et
510 1379 601 1442 adice
628 1376 803 1462 plumbum,
827 1374 935 1462 sicque
960 1374 1122 1454 combure,
1148 1386 1184 1439 ut
1205 1377 1342 1462 recipias
1368 1399 1424 1440 ar-

315 1489 457 1566 gentum.
501 1479 598 1557 Quod
624 1479 650 1544 si
676 1478 717 1543 ad
743 1499 837 1542 usum
863 1475 971 1562 nigelli
1000 1497 1125 1541 servare
1151 1479 1297 1557 volueris,
1329 1479 1423 1565 prius

315 1605 411 1670 quam
426 1583 605 1664 comburas,
617 1581 700 1645 adde
715 1579 743 1645 ei
758 1599 890 1664 cuprum
906 1587 939 1642 et
953 1577 1117 1662 plumbum
1132 1580 1308 1644 secundum
1325 1603 1423 1645 rnen-

315 1707 421 1750 suram
435 1685 577 1772 superius
592 1691 811 1762 memoratam,
826 1689 858 1744 et
873 1679 1034 1744 confunde
1048 1702 1123 1745 cum
1138 1681 1298 1768 sulphure.

616 2269 854 2366 CAPUT
912 2270 1108 2366 LXXI.

571 2489 739 2541 Qvouono
764 2487 987 2532 Daulunawn
1010 2487 1162 2532 curuum.

320 2635 437 2786 DE
450 2659 547 2722 cupro
562 2637 753 2723 supradicto,
764 2638 850 2724 quod
866 2637 997 2702 rubeum
1013 2638 1136 2716 dicitur,
1148 2637 1198 2700 lac
1214 2633 1268 2698 tibi
1282 2634 1421 2700 laminas

428 2738 618 2817 attenuare¹‚
641 2747 769 2826 quantae
789 2739 997 2825 longitudinis
1011 2739 1100 2804 velis.
1146 2736 1236 2812 Quas
1250 2757 1322 2799 cum
1338 2736 1421 2800 inci·

318 2837 402 2902 deris
421 2849 453 2903 et
472 2841 629 2925 aptaveris
655 2841 742 2926 operi
767 2849 832 2921 tuo,
857 2840 1004 2927 pertrahe
1023 2841 1059 2904 in
1080 2839 1141 2904 illis
1164 2837 1324 2916 flosculos,
1351 2839 1421 2900 aive

317 2938 445 3019 bestias,
466 2949 521 3004 aut
535 2941 620 3004 aliud
635 2941 722 3027 quod
738 2942 882 3021 volueris,
905 2951 937 3006 et
951 2941 1025 3006 fode
1040 2964 1112 3006 cum
1128 2939 1237 3026 gracili
1252 2939 1335 3002 lerro
1350 2939 1420 3003 sos-

317 3039 411 3105 sorio.
459 3041 584 3106 Deinde
606 3043 682 3107 tolle
704 3043 820 3123 oleum,
835 3043 921 3130 quod
944 3043 980 3106 fit
1002 3044 1042 3108 de
1065 3043 1184 3108 semine
1206 3041 1272 3120 lini,
1288 3049 1321 3104 et
1342 3062 1419 3105 cum

317 3144 418 3231 digito
442 3145 626 3230 superlinies
641 3165 698 3232 per
719 3147 827 3210 omnia
847 3155 950 3225 tenue,
973 3155 1070 3234 atque
1085 3167 1158 3210 cum
1177 3165 1281 3230 penna
1294 3144 1419 3208 anseris

317 3247 470 3336 aequabis,
494 3257 526 3311 et
540 3256 651 3312 tenens
675 3269 749 3312 cum
763 3246 882 3333 forcipe
897 3269 997 3332 pones
1018 3269 1111 3332 super
1126 3267 1243 3332 prunas
1258 3245 1418 3310 ardentes.

318 3349 466 3437 Cumque
480 3349 641 3414 modicum
655 3348 828 3428 incaluerit,
849 3357 882 3412 et
896 3351 1003 3414 oleum
1017 3348 1222 3436 liquefactum
1236 3347 1339 3425 firerit,
1360 3347 1421 3410 de·

318 3474 382 3515 nuo
403 3473 476 3516 cum
499 3473 606 3537 penna
628 3451 769 3538 aequabis
791 3472 978 3538 rursumque
1000 3451 1144 3537 impones
1164 3449 1283 3537 pnmis,
1307 3451 1420 3534 sicque

318 3553 416 3616 facies
430 3553 534 3616 donec
549 3553 734 3618 exsiccetur.
780 3551 877 3627 Quod
892 3553 919 3616 si
934 3551 1049 3617 videris
1064 3573 1119 3637 per
1134 3552 1240 3616 omnia
1254 3550 1420 3636 equaliter
1524 3541 1528 3552 ’

318 3675 398 3731 esse,
421 3651 510 3716 mitte
533 3673 627 3737 super
648 3653 801 3718 carbones
823 3653 915 3718 valde
936 3655 1064 3740 ignitos,
1087 3662 1204 3718 ettam
1226 3653 1279 3715 diu
1297 3653 1420 3736 jaceat,

319 3753 421 3817 donec
443 3760 545 3816 cesset
566 3753 697 3819 fumare.
752 3755 844 3820 Etsi
867 3755 943 3820 satis
965 3755 1089 3842 nigmm
1112 3747 1214 3834 luerit,
1237 3755 1334 3832 bene;
1367 3753 1421 3817 sin

319 3862 435 3933 autem,
458 3853 549 3918 valde
569 3877 680 3941 parum
701 3856 762 3922 olei
782 3879 854 3921 cum
870 3878 975 3941 penna
995 3877 1089 3942 super
1104 3856 1241 3920 calidum
1256 3855 1300 3918 ita
1314 3853 1420 3932 linies,

319 3965 541 4044 aequatumque
563 3957 669 4022 denuo
695 3959 841 4023 conflatis
865 3957 1057 4022 carbonibus
1080 3977 1269 4044 superpone,
1295 3957 1420 4020 faciens

318 4061 400 4126 sicut
424 4060 520 4146 prius.
564 4059 712 4148 Cumque
732 4059 951 4147 refrigeratum
976 4061 1081 4142 suerit,
1102 4083 1167 4124 non
1191 4061 1225 4123 in
1247 4079 1334 4146 aqua
1359 4059 1420 4122 sed

319 4185 375 4248 per
389 4184 434 4242 se,
458 4184 531 4226 cum
547 4161 636 4226 ferris
662 4161 788 4226 rasoriis
810 4163 904 4227 valde
930 4165 1031 4228 acutis
1056 4164 1132 4228 rade
1152 4163 1319 4248 diligenter
1341 4159 1421 4224 flos-

319 4264 418 4344 culos,
440 4263 485 4332 ito
499 4271 535 4328 ut
554 4262 657 4349 campi
680 4272 853 4349 appareant
875 4263 966 4350 nigri.
1012 4263 1045 4328 Si
1061 4287 1135 4330 vero
1156 4265 1268 4328 littera
1290 4263 1420 4340 fuerint,

781 4431 796 4498 ,¹
813 4433 927 4482 attenuari
935 4433 949 4498 l¹
