3228 5134
675 521 866 564 'l'llEOPlllLl
891 521 993 564 mauu
1018 522 1039 564 l.

653 768 1053 866 CAPUTIIL

709 991 754 1034 DE
779 989 860 1035 POBC
883 991 1003 1036 Pramo.

382 1139 451 1203 UM
471 1161 546 1204 vero
566 1142 776 1205 membriuam
797 1142 960 1206 miscueris
980 1142 1055 1206 inde
1075 1140 1171 1206 facies
1185 1153 1218 1206 et
1232 1143 1317 1207 nuda
1332 1165 1401 1208 cor-

408 1265 486 1326 pora
509 1243 696 1328 impleveris,
721 1242 861 1307 admisce
885 1243 913 1305 ei
935 1241 1096 1328 prasinum
1124 1252 1156 1307 et
1180 1243 1322 1321 rubeum,
1347 1243 1400 1329 qui

307 1344 500 1408 comburitur
515 1367 554 1407 cx
570 1367 657 1430 ogra,
673 1355 705 1407 et
725 1345 884 1408 modicum
906 1345 1055 1423 cenobrii,
1071 1354 1103 1407 et
1123 1347 1243 1409 confice
1259 1368 1345 1431 poso,
1361 1367 1399 1407 ex

307 1469 371 1532 quo
391 1447 572 1532 designabis
594 1447 761 1540 supercilia¹
778 1448 949 1524 alueolos,
969 1469 1070 1525 nares,
1088 1457 1120 1510 et
1141 1469 1187 1526 oa,
1204 1458 1355 1526 mentum,
1370 1457 1402 1508 et

308 1551 443 1613 fossulas
467 1551 550 1614 circa
573 1571 675 1626 nerea,
691 1559 723 1612 et
746 1558 899 1633 tempora,
917 1571 1011 1634 rugas
1033 1549 1065 1610 in
1088 1549 1190 1612 fronte
1211 1560 1243 1612 et
1262 1550 1355 1626 collo,
1370 1559 1401 1612 et

308 1652 533 1716 rotunditatem
556 1651 657 1730 faciei,
673 1651 788 1714 barbas
806 1651 958 1736 juvenum
980 1660 1012 1713 et
1032 1650 1178 1714 articulos
1200 1673 1347 1714 manuum
1370 1660 1401 1712 et

307 1753 434 1838 pedum,
446 1762 479 1816 et
493 1743 600 1816 oninia
616 1752 770 1831 membra,
781 1775 852 1838 quae
864 1753 1099 1838 distinguuntur
1114 1752 1146 1814 in
1163 1753 1248 1816 nudo
1258 1775 1399 1840 corpore.

668 2096 1042 2194 CAPUTIV.

706 2320 751 2362 DE
776 2318 861 2363 Rosa
885 2317 1005 2362 Parme.

398 2470 478 2535 ElN
483 2469 548 2535 DE
563 2471 660 2534 misce
672 2492 745 2534 cum
758 2470 892 2555 simplici
907 2469 1081 2532 membrina
1092 2470 1251 2534 modicum
1263 2473 1401 2536 cenobrii

411 2583 443 2636 et
458 2593 568 2658 parum
581 2571 678 2650 minii,
691 2581 724 2636 et
734 2573 855 2636 confice
867 2571 1016 2648 colorem,
1028 2574 1082 2658 qui
1097 2573 1209 2636 dicitur
1224 2595 1306 2654 rosa,
1317 2575 1401 2640 unde

307 2675 482 2740 rubricabis
501 2673 660 2738 maxillam
676 2683 852 2759 utramque,
867 2697 904 2738 os
924 2683 956 2736 et
977 2684 1116 2737 mentum
1133 2675 1270 2756 inferius,
1286 2679 1401 2742 collum

308 2787 341 2841 et
365 2801 460 2862 rugas
486 2776 598 2840 frontis
624 2776 759 2854 modice,
782 2776 883 2860 ipsam
912 2774 1047 2838 frontem
1074 2799 1167 2861 super
1193 2789 1335 2862 tempora
1361 2802 1401 2842 ex

308 2889 440 2963 utraque
455 2889 555 2963 parte,
571 2900 683 2942 nasum
704 2879 735 2940 in
755 2877 953 2963 longitudine
968 2885 1000 2939 et
1015 2898 1198 2961 supernates
1213 2902 1253 2944 ex
1269 2891 1401 2966 utraque

309 2991 405 3064 parte,
421 2981 568 3044 articulos
583 2990 615 3044 et
629 2989 741 3044 caetera
757 2978 899 3041 membra
914 2977 946 3040 in
961 2976 1048 3039 nudo
1063 2999 1202 3061 corpore.

682 3324 918 3420 CAPUT
972 3325 1025 3418 l

685 3547 731 3589 DE
754 3544 889 3588 nunriis
912 3545 1031 3590 relus.

387 3697 469 3764 OST
490 3699 557 3762 baec
578 3696 674 3760 misce
693 3717 766 3760 curn
784 3695 918 3780 simplici
937 3697 1112 3761 membrina
1130 3719 1273 3762 cerosam
1287 3701 1402 3780 tritum,

401 3811 433 3866 et
448 3820 604 3884 compone
619 3799 767 3876 colorem,
778 3797 833 3885 qui
844 3797 958 3862 dicitur
972 3799 1102 3874 lumina,
1114 3801 1198 3864 unde
1214 3800 1403 3866 illuminabis

308 3904 484 3990 supercilia,
499 3923 610 3964 nasum
632 3901 663 3963 in
684 3901 881 3986 longitudine
902 3909 934 3964 et
949 3924 1042 3986 super
1056 3903 1210 3966 foramina
1225 3905 1346 3967 narium
1363 3927 1402 3969 ex

308 4017 442 4091 utraque
457 4012 556 4090 parte,
568 4002 698 4066 subtiles
709 4011 828 4065 tractus
841 4001 925 4066 circa
940 4004 1049 4066 oculos
1065 4013 1097 4066 et
1110 4014 1252 4089 tempora
1264 4006 1402 4085 inferius,

308 4121 340 4173 et
354 4118 496 4171 mentum
511 4105 665 4190 superius,
676 4103 770 4188 juxta
788 4125 881 4166 nares
900 4111 932 4167 ct
950 4125 986 4166 os
1001 4126 1041 4167 ex
1057 4113 1189 4189 utraque
1205 4117 1302 4190 parte,
1318 4109 1403 4171 fron-

308 4223 373 4280 tem
390 4209 543 4295 superine,
560 4209 639 4270 inter
660 4227 755 4292 rugas
775 4205 886 4269 frontis
909 4207 1041 4284 modice,
1056 4215 1088 4270 et
1102 4207 1219 4271 collum
1236 4209 1269 4270 in
1288 4211 1404 4293 medio,

306 4326 339 4379 et
362 4315 445 4376 circa
468 4332 570 4388 aures,
595 4330 633 4374 ac
656 4309 804 4372 articulos
830 4327 984 4370 manuum
1011 4315 1042 4370 et
1068 4308 1185 4392 pedum
1210 4312 1348 4374 exterius
1371 4322 1404 4376 et

307 4439 433 4480 omnem
446 4413 667 4478 rotunditatem
679 4432 840 4488 manuum,
852 4409 971 4494 pedum
984 4418 1017 4472 ct
1029 4409 1229 4475 brachiorum
1240 4412 1273 4475 in
1285 4415 1401 4480 medio,
