3216 5138
298 511 357 574 136
651 528 842 574 rrrsoanrm
867 528 972 570 ursan
996 528 1033 570 rr.

293 681 512 759 fenestrarum,
539 679 726 744 adhibentes
750 679 877 744 inferius
903 680 1009 766 ignem
1036 685 1132 763 atque
1156 677 1243 761 ligna
1264 676 1394 762 faginea

295 783 389 863 sicca,
415 782 518 846 donec
548 805 568 845 a
594 781 732 845 flammis
757 782 963 859 circumdata,
990 780 1099 868 sicque
1125 778 1274 844 extractis
1298 777 1393 862 lignis

295 886 422 950 furnum
444 884 621 949 obstruunt.
669 884 810 948 Possunt
828 883 923 948 etiam
946 883 1057 947 eadem
1073 905 1151 946 vasa
1165 904 1221 968 per
1243 881 1314 944 loca
1336 879 1393 943 de-

295 989 394 1053 corari
420 987 486 1050 auri
512 989 628 1074 patula,
643 989 708 1052 sive
739 988 848 1051 molito
872 1009 949 1050 auro
973 988 1020 1050 vel
1045 994 1188 1072 argento,
1210 984 1305 1050 modo
1329 1005 1394 1069 quo

297 1111 401 1175 supra,
418 1091 443 1154 si
460 1090 622 1154 voluerint.

616 1773 848 1871 CAPUT
905 1773 1082 1869 XVII.

585 2021 631 2064 DE
654 2019 896 2065 consonarum
921 2021 1114 2064 FENES'I'RIS.

376 2193 445 2258 UM
472 2194 606 2259 volueris
632 2195 786 2260 fenestras
816 2217 1005 2283 componere
1028 2197 1153 2275 vitreas,
1185 2196 1319 2281 primum
1346 2196 1398 2259 sac

388 2298 445 2362 tibi
460 2299 599 2362 tabulam
622 2299 759 2384 ligneam
774 2299 928 2387 aequalem
948 2309 1046 2363 tantae
1060 2298 1235 2364 latitudinis
1250 2308 1282 2362 et
1295 2298 1398 2383 longi-

302 2400 431 2478 tudinis,
454 2411 488 2464 ut
510 2401 612 2486 possis
635 2401 902 2492 uniuscujusque
925 2402 1069 2466 fenestra
1090 2402 1170 2466 duas
1188 2411 1292 2484 partes
1311 2399 1343 2462 in
1361 2423 1401 2464 ea

303 2502 436 2590 operari,
460 2512 492 2567 et
514 2503 672 2590 accipiens
695 2513 816 2567 cretam
838 2513 934 2590 atque
957 2503 1069 2568 radens
1095 2525 1169 2568 cum
1194 2503 1321 2568 cultello
1345 2523 1401 2587 per

303 2616 404 2670 totam
426 2606 579 2685 tabulam,
602 2627 734 2692 asperge
757 2605 891 2692 desuper
913 2625 1029 2690 aquam
1053 2627 1108 2690 per
1130 2605 1247 2683 omnia,
1270 2613 1301 2668 et
1323 2604 1401 2668 frica
1472 2591 1475 2600 ¹

304 2731 378 2774 cum
401 2730 507 2795 panno
530 2729 585 2794 per
606 2716 719 2772 totum.
764 2705 910 2793 Cumque
933 2706 1049 2770 siccata
1072 2706 1174 2784 fuerit,
1189 2705 1297 2791 accipe
1312 2727 1401 2770 men-

304 2833 411 2875 suram
434 2809 526 2874 unius
549 2810 646 2896 partis
668 2810 701 2872 in
724 2809 861 2873 fenestra
884 2809 1113 2894 longitudinem
1139 2817 1170 2873 et
1192 2795 1402 2888 latitudinem,

306 2912 440 2998 pingens
469 2933 541 2975 eam
567 2911 600 2974 in
626 2911 735 2975 tabula
761 2910 870 2996 regula
894 2918 927 2973 et
953 2910 1071 2975 circino
1097 2933 1171 2975 cum
1198 2911 1329 2996 plumbo
1352 2911 1402 2974 vel

305 3023 432 3100 stagno,
447 3021 479 3075 et
493 3012 520 3075 si
534 3012 582 3075 vis
596 3012 727 3076 limbum
742 3011 775 3075 in
790 3033 829 3076 ea
843 3012 970 3093 habere,
986 3012 1130 3098 pertrahe
1145 3035 1219 3077 cum
1234 3012 1400 3077 latitudine

306 3137 369 3203 qua
382 3115 439 3179 tibi
455 3113 616 3200 placuerit,
631 3123 662 3178 et
684 3135 778 3200 opere
793 3133 858 3200 quo
872 3115 1017 3179 volueris.
1063 3113 1138 3190 Quo
1154 3115 1238 3179 facto
1253 3113 1401 3200 pertrahe

307 3217 459 3304 imagines
481 3225 560 3303 quot
579 3216 715 3281 volueris
736 3215 770 3279 in
793 3217 902 3302 primis
925 3217 1055 3302 plumbo
1075 3219 1125 3282 vel
1147 3227 1272 3304 stagno,
1295 3218 1403 3304 sicque

308 3323 406 3385 rubeo
428 3320 532 3384 colore
555 3319 622 3382 sive
639 3318 741 3404 nigro,
764 3319 884 3384 faciens
904 3341 1016 3384 omnes
1031 3329 1149 3385 tractus
1164 3319 1313 3400 studiose,
1328 3321 1405 3405 quia

309 3421 519 3489 necessarium
541 3421 600 3484 erit
621 3442 693 3484 cum
709 3421 823 3485 vitrum
846 3420 994 3506 pinxeris,
1017 3431 1052 3486 ut
1075 3423 1249 3486 secundum
1264 3422 1404 3486 tabulam

309 3525 485 3610 conjungas
510 3523 639 3587 umbras
666 3533 699 3587 ct
720 3524 849 3588 lumina.
896 3523 1023 3588 Deinde
1045 3524 1215 3611 disponens
1235 3523 1405 3588 varietates

310 3625 578 3704 vestimentorum,
602 3634 678 3690 nota
700 3625 945 3713 uniuscujusque
966 3626 1105 3692 colorem
1127 3626 1160 3690 in
1182 3648 1240 3690 suo
1261 3627 1350 3708 loco;
1372 3637 1405 3690 et

311 3727 396 3791 uliud
418 3727 641 3814 quodcumque
663 3728 792 3815 pingere
811 3728 946 3793 volueris
970 3749 1033 3792 una
1056 3728 1158 3792 littera
1181 3728 1317 3792 colorem
1340 3729 1405 3814 sig-

312 3829 412 3894 nabis.
459 3828 539 3893 Post
561 3830 628 3894 haec
651 3829 759 3916 accipe
775 3831 936 3894 vasculum
955 3829 1150 3917 plumbeum,
1168 3837 1201 3894 et
1214 3830 1246 3893 in
1262 3853 1300 3894 eo
1316 3829 1406 3894 mitte

312 3938 430 3996 cretam
453 3954 525 3996 cum
548 3955 631 4020 aqua
652 3933 769 4013 tritam,
792 3933 842 3999 fac
865 3933 922 3998 tibi
944 3933 1096 4020 pincellos
1116 3934 1198 3999 duos
1213 3934 1262 3998 vel
1282 3943 1346 3998 tres
1366 3955 1406 3997 ex

313 4033 388 4121 pilo,
399 4033 544 4097 videlicet
558 4055 597 4098 ex
612 4034 715 4099 cauda
729 4036 841 4116 mardi,
856 4038 922 4100 sive
937 4035 1035 4124 grisii,
1046 4037 1097 4100 vel
1108 4036 1239 4123 spirioli,
1251 4045 1306 4100 aut
1320 4037 1408 4115 catti,

313 4138 379 4201 sive
393 4136 433 4201 de
448 4159 540 4202 coma
555 4136 652 4216 asini3
676 4146 709 4201 et
723 4137 831 4224 accipe
846 4160 941 4202 unam
958 4147 1079 4224 partem
1095 4137 1165 4201 vitri
1180 4139 1408 4226 cujuscumque

315 4238 438 4326 generis
454 4239 597 4317 volueris,
612 4261 684 4324 quae
707 4261 746 4304 ex
762 4241 848 4303 omni
864 4251 952 4327 parte
967 4241 1069 4328 major
1083 4242 1124 4306 sit
1139 4242 1208 4307 loco
1223 4243 1255 4305 in
1270 4264 1335 4329 quo
1352 4265 1408 4327 po-

314 4343 419 4408 nenda
433 4352 491 4421 est,
507 4341 660 4407 adhibens
683 4365 753 4406 eam
775 4365 889 4428 canrpo
905 4345 1002 4429 ipsius
1018 4345 1087 4423 loci,
1104 4357 1136 4408 et
1152 4344 1232 4409 sicut
1246 4344 1409 4408 cousider-

315 4445 414 4509 averis
430 4453 548 4509 tractus
570 4443 602 4506 in
624 4443 729 4508 tabula
751 4467 805 4530 per
821 4446 959 4511 medium
976 4447 1098 4527 vitrum,
1114 4449 1158 4512 ita
1174 4447 1317 4534 pertrahe
1333 4469 1408 4510 cum
