3236 5144
322 411 386 475 280
680 431 871 474 rasorium
898 431 1002 474 mssa
1025 433 1078 475 111.

320 581 472 646 formabis
487 601 566 666 opos
581 582 792 672 quodcunque
807 583 941 646 volueris
963 582 996 645 in
1011 582 1133 646 electris
1148 583 1260 663 facere,
1276 585 1343 649 sire
1359 585 1421 649 cir-

322 684 421 754 culos,
437 683 502 747 sive
525 684 638 762 nodos,
654 685 719 748 sire
739 684 915 764 flosculos¹,
931 685 996 748 sive
1018 707 1104 764 aves,
1121 685 1187 750 sive
1208 685 1335 764 bestias,
1351 686 1420 750 sive

323 786 487 870 imagines,
502 793 535 848 et
549 785 710 850 ordinabis
727 787 894 872 particulas
912 787 1066 852 subtiliter
1079 795 1112 852 et
1127 787 1292 874 diligenter
1305 809 1422 850 uuam-

323 909 482 974 quamque
497 887 529 949 in
544 909 601 950 suo
617 889 698 966 loco,
711 898 805 976 atque
819 889 960 952 firmabis
974 889 1107 954 humida
1122 890 1224 954 farina
1238 911 1333 976 super
1348 911 1421 954 car-

324 989 433 1054 bones.
478 988 626 1075 Cumque
641 991 818 1076 impleveris
831 1013 928 1056 unam
945 1003 1076 1078 partem,
1093 993 1243 1056 solidabis
1258 1015 1329 1056 eam
1344 1015 1421 1056 cum

324 1093 464 1156 maxima
478 1093 614 1171 cautela,
630 1115 669 1156 ne
690 1115 769 1178 opus
788 1095 905 1180 gracile
921 1103 953 1158 et
967 1117 1077 1158 aurum
1092 1094 1205 1158 subtile
1220 1094 1422 1180 disjungatur

322 1204 378 1258 aut
391 1195 542 1281 liquefiat,
558 1195 665 1282 sicque
681 1195 729 1259 bis
743 1207 799 1260 aut
813 1211 859 1260 ter
874 1195 981 1276 facies,
993 1197 1095 1260 donec
1110 1197 1336 1284 aliquantulum
1353 1197 1422 1260 sin-

323 1295 404 1382 gula
420 1297 579 1382 particulae
594 1299 785 1362 adhaereant.

369 1396 447 1462 Hoc
467 1399 563 1464 modo
583 1401 731 1465 omnibus
751 1401 874 1464 electris
894 1399 1077 1485 compositis
1098 1408 1130 1463 et
1150 1399 1290 1462 solidatis
1310 1398 1422 1484 accipe

326 1499 435 1564 omnia
449 1523 566 1588 genera
581 1502 661 1582 vitri,
677 1503 763 1590 quod
780 1503 820 1566 ad
836 1503 897 1566 hoc
912 1524 992 1586 opus
1007 1501 1172 1587 aptaveris,
1188 1510 1220 1563 et
1234 1501 1274 1564 de
1289 1501 1423 1586 singulis

327 1603 467 1688 partibus
482 1625 614 1689 parvum
630 1605 778 1690 frangens
793 1605 914 1668 colloca
930 1625 1040 1668 omnes
1052 1603 1204 1666 fracturas
1219 1601 1310 1666 simul
1326 1625 1424 1686 super

327 1726 424 1768 unam
437 1715 558 1790 partem
570 1707 668 1792 cupri,
679 1728 935 1793 unamquamque
952 1715 1072 1790 partem
1089 1726 1143 1789 per
1155 1726 1206 1784 se;
1229 1704 1422 1790 mittensque

327 1807 359 1868 in
374 1805 481 1892 ignem
497 1829 652 1893 compone
667 1809 822 1872 carbones
837 1809 869 1872 in
881 1808 1011 1871 circuitu
1023 1815 1055 1870 et
1069 1806 1213 1892 desuper,
1227 1806 1423 1892 sufflansque

326 1907 492 1992 diligenter
506 1911 718 1974 considerabis
734 1911 760 1974 si
774 1909 935 1997 aequaliter
949 1909 1131 1994 liquefiant:
1155 1907 1181 1970 si
1204 1907 1259 1986 sic,
1274 1907 1422 1971 omnibus

327 2017 431 2088 utere,
456 2009 572 2073 sivero
594 2011 699 2096 aliqua
719 2011 872 2098 particula
886 2021 936 2074 est
949 2010 1066 2087 durior,
1083 2009 1280 2094 singulariter
1296 2030 1422 2094 repone.

329 2103 558 2198 Accipiensqde
583 2113 723 2198 singulas
750 2123 855 2198 partes
881 2111 1017 2198 probati²
1039 2112 1120 2190 vitri,
1144 2111 1232 2174 mitte
1258 2110 1290 2172 in
1314 2111 1423 2196 ignem

327 2211 522 2296 singillatim,
536 2222 568 2277 et
583 2237 655 2278 cum
671 2216 843 2294 canduerit,
855 2215 960 2301 proice
975 2215 1007 2276 in
1020 2237 1077 2278 vas
1092 2235 1241 2299 cupreum
1256 2212 1289 2274 in
1304 2235 1366 2297 quo
1381 2213 1425 2276 sit

330 2335 423 2400 aqua,
439 2323 472 2378 et
491 2317 596 2380 statim
620 2317 735 2380 resiliet
754 2317 943 2397 minutatim,
958 2317 1045 2403 quod
1064 2338 1139 2380 mox
1154 2315 1334 2400 confringas
1348 2335 1422 2376 cum

329 2418 465 2482 rotundo
481 2419 594 2482 malleo
613 2419 715 2484 donec
736 2421 849 2484 subtile
866 2422 933 2500 liat,
949 2421 1057 2506 sicque
1077 2419 1198 2482 lavabis
1218 2427 1251 2480 et
1270 2437 1367 2502 pones
1388 2416 1422 2478 in

329 2521 484 2586 concham
499 2522 661 2600 mundam,
678 2533 772 2608 atque
788 2523 949 2608 cooperies
967 2543 1072 2606 panno
1087 2521 1180 2584 lineo.
1227 2517 1304 2581 Hoc
1326 2515 1423 2581 modo

329 2623 470 2709 singulos
485 2623 606 2688 colores
620 2624 779 2711 dispones.
824 2623 900 2699 Quo
915 2625 1000 2688 facto
1015 2623 1091 2686 tolle
1110 2642 1204 2685 unam
1220 2627 1341 2706 partem
1356 2619 1425 2682 auri

329 2725 464 2805 solidati,
487 2733 520 2788 et
545 2747 637 2811 super
663 2727 803 2790 tabulam
831 2727 984 2812 aequalem
1006 2723 1182 2788 adhaerebis
1204 2743 1277 2786 cum
1297 2743 1370 2786 cera
1389 2721 1425 2785 in

328 2827 453 2891 duobus
477 2829 566 2907 locis,
591 2829 812 2915 accipiensque
839 2849 976 2914 pennam
1002 2827 1121 2890 anseris
1147 2825 1277 2888 incisam
1307 2824 1425 2910 gracile

329 2928 410 2991 sicut
423 2929 464 2991 ad
481 2930 693 3011 scribendum,
710 2932 764 2994 sed
784 2931 917 3017 longiori
938 2939 1039 2994 rostro
1062 2939 1095 2992 et
1117 2951 1181 2992 non
1196 2929 1282 3006 fisso,
1298 2925 1425 2990 hauries

327 3043 402 3086 cum
417 3045 455 3086 ea
470 3045 569 3088 unum
589 3047 628 3090 ex
647 3028 804 3092 coloribus
820 3029 900 3106 vitri,
916 3028 1041 3114 qualem
1057 3023 1214 3090 volueris⁸.
1238 3024 1336 3099 Quod
1349 3045 1425 3088 vero

329 3125 514 3210 superbierit
529 3149 644 3214 repone
659 3129 691 3193 in
707 3131 870 3194 vasculum
886 3151 978 3194 suurn
998 3139 1031 3192 et
1052 3129 1189 3214 cooperi,
1203 3127 1313 3213 sicque
1327 3126 1425 3190 facies

330 3249 369 3292 ex
396 3229 529 3316 singulis
556 3232 722 3312 coloribus,
747 3233 849 3296 donec
875 3253 948 3318 pars
973 3251 1037 3294 una
1062 3229 1246 3316 impleatur;
1278 3229 1425 3294 auferens

329 3353 435 3396 ceram
450 3333 501 3398 cui
516 3334 692 3413 inhaeserat,
708 3357 791 3421 pone
812 3334 914 3420 ipsam
934 3347 1055 3418 partem
1077 3353 1171 3418 super
1190 3331 1306 3396 sermm
1320 3341 1425 3412 tenue,

329 3437 416 3521 quod
439 3435 556 3501 habeat
577 3438 704 3502 brevem
725 3438 872 3515 caudam,
887 3445 920 3498 et
941 3435 1102 3520 cooperies
1124 3456 1198 3498 cum
1221 3434 1319 3498 altero
1342 3434 1426 3498 ferro

328 3539 417 3621 quod
441 3537 482 3600 sit
505 3559 618 3602 cavum
642 3540 675 3602 in
700 3539 935 3602 similitudinem
959 3539 1087 3616 vasculi,
1110 3535 1215 3624 sitque
1239 3558 1295 3623 per
1317 3538 1427 3602 omnia

329 3640 556 3704 transforatum
579 3643 703 3726 gracile,
726 3642 770 3704 ita
795 3651 831 3704 ut
857 3639 1009 3704 foramina
1035 3641 1099 3704 sint
1124 3640 1255 3704 interius
1277 3641 1372 3725 plana
1393 3647 1428 3702 et

328 3739 451 3819 latiora,
477 3749 509 3804 et
538 3742 675 3806 exterius
703 3743 865 3807 subtiliora
894 3753 926 3808 et
955 3745 1090 3830 hispida,
1117 3751 1245 3829 propter
1271 3740 1427 3805 arcendos

364 4040 370 4070 ¹
389 4041 459 4088 “sire
470 4041 558 4100 aures,''
569 4044 597 4090 is
608 4045 663 4092 MS.
675 4045 772 4094 usitetur.

363 4123 372 4152 ¹
390 4123 483 4182 “auri''
493 4125 521 4171 in
533 4125 588 4172 MS.
600 4125 764 4188 interponitur.

362 4207 372 4234 ¹
388 4207 505 4268 “quierit
516 4205 665 4266 humidus,et
681 4223 731 4254 curu
748 4207 815 4270 longo
832 4223 900 4268 cupro
916 4207 994 4270 gracili
1011 4213 1036 4254 et
1051 4205 1076 4254 in
1092 4205 1225 4253 summitate
1241 4205 1321 4252 subtili
1334 4205 1426 4254 radere

328 4297 401 4339 rostro
420 4305 501 4352 pennae
521 4289 637 4337 subtiliter
658 4295 681 4336 et
703 4289 808 4351 implebis
828 4304 986 4350 quemcunque
1008 4287 1126 4336 flosculum
1145 4287 1252 4346 volueris,
1272 4297 1295 4334 et
1314 4295 1425 4348 quantum

328 4371 448 4433 volueris,”
464 4389 491 4422 ex
502 4373 585 4420 Cortice
596 4373 695 4434 Guelpt.
