3228 5134
330 559 383 621 xiv
794 581 956 625 enarras.

328 745 532 816 afterwards
563 755 600 814 to
630 747 677 816 be
707 747 882 817 exocnted
913 747 949 815 in
979 746 1114 819 aolonrs
1139 747 1274 840 ground
1301 750 1336 817 in
1363 749 1425 819 the

328 884 424 932 same
441 861 489 932 oil
501 859 518 932 ¹.

368 1049 378 1083 ¹
401 1048 465 1106 The
484 1061 561 1106 most
579 1047 763 1107 voluminous
787 1048 854 1108 MS.
876 1049 912 1108 of
927 1049 1064 1110 Eraclius
1086 1063 1116 1109 at
1135 1063 1254 1127 present
1274 1051 1379 1108 known
1400 1049 1424 1106 is

327 1143 481 1202 contained
500 1143 529 1202 in
549 1143 597 1203 the
617 1145 770 1204 collection
792 1144 829 1203 os
844 1147 956 1203 writers
976 1165 1055 1224 upon
1075 1145 1192 1203 ancient
1212 1159 1258 1202 art
1279 1143 1362 1202 made
1384 1146 1423 1222 by

327 1237 501 1316 “Magister
519 1237 668 1298 Johannes
689 1239 733 1298 Le
753 1239 864 1318 Begue,
886 1239 1053 1300 licentiatus
1075 1241 1104 1299 in
1125 1233 1249 1317 legilins,
1269 1238 1423 1316 graffarius

325 1334 505 1411 generalium
529 1335 735 1412 magistrorum
759 1347 886 1394 monetoe
908 1336 998 1413 regis.
1041 1335 1183 1404 Parisios,
1204 1353 1280 1393 anno
1302 1335 1422 1394 Domini

328 1435 416 1498 1481,
431 1432 527 1488 aetatis
541 1432 611 1489 verd
626 1451 689 1489 suae
704 1432 772 1489 63.”
814 1430 888 1490 Thia
902 1445 971 1490 note
986 1432 1010 1489 is
1024 1430 1127 1510 placed
1143 1445 1173 1490 at
1188 1431 1236 1489 the
1251 1432 1309 1489 end
1323 1431 1358 1488 of
1375 1431 1423 1488 the

326 1524 479 1596 MS.,and
494 1525 516 1583 is
531 1526 562 1584 in
576 1526 624 1584 the
639 1546 718 1586 same
732 1527 927 1606 handwriting
940 1547 972 1586 aa
993 1527 1042 1586 the
1062 1541 1122 1586 rest
1141 1528 1177 1586 of
1193 1527 1241 1586 the
1261 1527 1349 1585 book.
1393 1526 1424 1584 lt

326 1623 457 1679 contains
472 1620 615 1680 “Tabula
635 1623 672 1680 de
691 1621 854 1682 Vocabulis
873 1623 1043 1700 synonymis
1057 1636 1087 1680 et
1101 1623 1259 1699 aequivocis
1280 1621 1422 1692 colorum,

257 1711 264 1724 '
323 1736 483 1793 rerumque
505 1717 699 1776 accidentium
724 1717 854 1777 colorum
865 1717 1127 1795 :—Experimenta
1149 1717 1185 1775 de
1207 1715 1424 1775 Coloribust-

327 1809 538 1888 Experimento
552 1812 678 1880 diversa,
692 1813 807 1889 aliaque
821 1813 858 1872 de
872 1813 1020 1872 coloribus
1031 1811 1220 1890 r-Receptae
1232 1811 1422 1871 extrahendae

325 1908 363 1965 ab
379 1927 436 1965 uno
451 1921 593 1984 quaterno
607 1909 694 1966 michi
713 1920 882 1986 presentato
900 1929 953 1985 per
971 1908 1090 1966 fratrem
1110 1908 1297 1986 Dionysium,
1312 1909 1378 1976 aa,
1392 1908 1422 1965 in

324 2003 430 2061 lanua.
454 2008 539 2072 1409,
559 2004 803 2082 scriptae-Item
824 2005 871 2064 die
895 2004 1012 2073 Martis,
1027 2005 1069 2063 xi.
1083 2003 1247 2074 Februarii,
1264 2009 1349 2072 1410,
1365 2003 1422 2061 feci

325 2099 435 2176 copiari
453 2099 482 2156 in
497 2099 629 2158 Bononia
649 2121 666 2158 a
687 2101 812 2178 receptis
829 2101 901 2158 mihi
920 2101 1093 2178 presentatio
1106 2121 1160 2178 per
1173 2099 1370 2158 Thedericum
1385 2099 1422 2157 de

326 2191 473 2261 Flandria,
488 2212 561 2269 quas
575 2207 708 2273 receptas
725 2195 801 2254 idem
822 2195 1025 2255 Theudoricus
1045 2197 1121 2255 dixit
1140 2195 1278 2254 hahuisse
1297 2195 1326 2251 in
1340 2193 1422 2250 Lon-

325 2307 418 2346 nomn
442 2289 472 2345 in
497 2287 733 2365 hughe—Item
758 2291 795 2349 de
818 2291 942 2349 diversis
967 2293 984 2350 ri
1008 2292 1135 2368 quodam
1160 2289 1260 2349 libello
1284 2288 1422 2366 Magistri

323 2381 468 2440 Johannis
482 2382 519 2440 de
534 2382 673 2455 Modena,
688 2387 809 2464 pictoris
825 2387 984 2446 habitantis
1007 2387 1035 2444 in
1059 2386 1200 2445 Bononia.
1243 2383 1291 2463 (Is
1305 2383 1363 2440 thie
1375 2383 1423 2440 the

322 2476 438 2554 paintcr
451 2477 538 2546 John,
553 2477 623 2538 born
637 2480 667 2538 ia
682 2481 774 2561 Italy,
788 2483 850 2542 roho
863 2482 1015 2542 decorated
1027 2481 1077 2539 the
1092 2479 1191 2559 Abtey
1204 2478 1234 2536 ia
1250 2479 1296 2536 the
1308 2497 1421 2536 rrroaar·

323 2580 386 2650 terp
399 2573 436 2650 ⁰s
445 2573 489 2630 St.
508 2572 586 2642 Gall,
600 2575 686 2634 about
700 2583 768 2645 990,
785 2577 845 2635 aad
857 2577 920 2635 roho
934 2597 994 2634 reas
1009 2575 1186 2654 afterwards
1198 2573 1294 2633 called
1305 2581 1333 2633 to
1346 2574 1422 2632 Ata-

323 2668 508 2748 la-Chapelle
521 2667 557 2748 ty
571 2669 645 2729 Otho
656 2671 724 2730 ΙΙΙ.
741 2679 768 2729 to
777 2671 875 2731 earich
889 2673 936 2750 the
947 2679 1065 2750 oratory
1077 2669 1115 2748 os
1121 2673 1168 2729 the
1178 2671 1305 2748 palate?
1348 2669 1424 2728 Otho

323 2764 425 2820 named
434 2764 491 2821 thia
500 2765 586 2823 ortiat
598 2765 708 2846 Biahop
717 2766 853 2846 ofLiege.
884 2767 954 2842 (See
963 2766 1071 2834 David,
1081 2787 1111 2844 p.
1126 2768 1209 2842 156.)
1241 2764 1313 2823 This
1323 2765 1422 2824 rariter

201 2869 207 2878 '
322 2858 425 2936 mecha
438 2857 477 2935 φ’
483 2879 502 2916 a
516 2860 639 2918 mistura
654 2861 693 2936 (ᾖ
703 2861 745 2921 ott
759 2860 821 2920 aad
832 2862 958 2929 setrich,
973 2869 1001 2919 ta
1013 2859 1046 2919 be
1059 2859 1204 2937 employed
1217 2859 1285 2918 raith
1299 2861 1419 2920 colostra.

323 2964 343 2989 “
353 2954 496 3012 Mordent
505 2955 580 3032 qood
589 2964 642 3014 atet
653 2957 692 3014 ad
702 2957 833 3033 aerera.¹’)
857 2957 943 3014 Anno
955 2959 1041 3014 1411.
1062 2953 1082 3011 J
1085 2954 1212 3013 ohannes
1221 2956 1258 3013 de
1274 3000 1420 3014 .......

324 3049 520 3116 Normannus,
542 3049 578 3108 de
603 3071 708 3108 aanrro
733 3071 820 3120 novo,
843 3052 948 3130 lapidis
973 3051 1071 3108 laaulli
1097 3050 1422 3110 ultramarini—Liber

323 3142 490 3220 Theophili,
507 3145 686 3204 admirabilis
701 3159 731 3205 et
745 3147 906 3205 doctissimi
924 3145 1066 3224 magistri,
1080 3145 1116 3203 de
1130 3145 1345 3205 omniscientis
1359 3147 1420 3222 pic-

323 3251 397 3294 turae
422 3239 492 3296 artis
515 3240 548 3318 (a
567 3240 730 3318 fragment,
754 3242 791 3321 of
808 3243 854 3300 the
871 3243 948 3318 first
973 3240 1042 3298 boote
1065 3241 1140 3319 only,
1164 3243 1201 3318 of
1222 3239 1419 3317 Theophilus).

323 3332 413 3391 Liber
424 3335 556 3408 magistri
568 3335 647 3394 Petri
659 3337 696 3395 de
707 3338 815 3395 Sancto
825 3337 1002 3404 hademaro,
1015 3336 1051 3394 de
1062 3335 1210 3394 coloribus
1223 3333 1361 3394 faciendis
1371 3354 1420 3391 :—

324 3429 441 3498 Eraclii,
471 3431 675 3508 sapientissimi
705 3433 768 3490 viri.
801 3431 886 3491 Libri
918 3445 975 3490 tres
1004 3431 1041 3488 de
1072 3430 1220 3489 coloribus
1251 3444 1281 3488 et
1308 3430 1420 3490 artibus

323 3522 672 3588 Romanorumz-Liber
685 3527 826 3586 Johannis
842 3526 1011 3594 Archetiua,
1027 3545 1089 3583 aa).
1107 3530 1192 3584 1898.
1234 3524 1277 3582 Ut
1297 3527 1420 3584 accessit

321 3639 338 3674 a
364 3619 477 3679 Jacobo
505 3618 596 3693 Cona,
626 3622 778 3702 Flamingo
807 3623 918 3700 pictore
931 3618 1117 3696 :-Capitula
1143 3619 1180 3677 de
1207 3619 1354 3678 coloribus
1381 3619 1420 3679 ad

323 3713 544 3775 illuminandum
565 3718 656 3776 libros
677 3719 715 3776 ab
735 3717 839 3777 eodem
853 3716 998 3775 Archerio
1017 3715 1080 3772 sive
1093 3714 1240 3784 Alcherio,
1257 3727 1289 3773 ut
1306 3717 1420 3792 accepit

321 3811 358 3867 ab
377 3809 509 3870 Antonio
528 3813 565 3870 de
587 3812 761 3890 compendio
781 3811 976 3870 illuminatore
997 3809 1139 3868 librorum
1161 3809 1189 3866 in
1211 3809 1330 3869 Parisiis
1351 3824 1419 3870 eta

322 3903 468 3981 Magistro
503 3907 629 3967 Alberto
663 3909 809 3967 Pozaotto
843 3906 1056 3985 perfectissimo
1090 3905 1119 3962 in
1153 3905 1289 3964 omnibus
1324 3907 1418 3965 modis

320 4001 476 4070 scribendi,
492 4001 654 4064 Mediolani
668 4004 782 4063 scholas
801 4000 1098 4062 tenentet—Aultres
1115 4001 1244 4078 ecriptos
1261 4021 1297 4059 en
1316 4002 1420 4060 Latina

321 4113 357 4152 en
393 4093 531 4174 Franpois
564 4119 617 4176 per
650 4101 827 4178 Magistrum
860 4098 1025 4158 Johanoem
1058 4095 1102 4152 Le
1135 4095 1245 4173 Begue,
1273 4098 1339 4168 dic,
1366 4099 1418 4176 qui

320 4208 452 4266 praesens
480 4211 554 4268 opus
579 4213 630 4251 acu
658 4195 786 4273 capitula
809 4196 838 4253 in
864 4193 919 4251 hoc
944 4191 1092 4249 volumine
1116 4204 1275 4268 aggregata
1299 4193 1419 4270 propria

321 4303 407 4341 manu
430 4286 555 4362 scripsit,
578 4307 637 4347 no.
665 4295 750 4349 1431.
794 4289 901 4355 AEtatis
923 4289 993 4345 verd
1017 4305 1077 4343 suae
1099 4290 1146 4344 63.
1190 4285 1311 4344 Illustra
1334 4287 1417 4346 Deua

320 4381 470 4438 oculum.”
511 4385 540 4440 A
555 4405 630 4464 copy
645 4387 681 4443 of
697 4386 754 4444 this
775 4384 964 4460 manuscript,
982 4380 1076 4440 which
1098 4380 1112 4437 l
1136 4381 1258 4439 verified
1279 4381 1346 4439 with
1369 4384 1417 4441 the

320 4476 443 4553 original
459 4477 486 4535 in
502 4478 608 4539 March
627 4487 711 4552 1846,
728 4502 786 4540 was
799 4477 902 4556 kindly
916 4475 1073 4556 presented
1087 4488 1118 4535 to
1137 4497 1182 4536 me
1201 4478 1240 4553 by
1255 4477 1304 4534 the
1320 4477 1417 4536 Gount
