3140 5152
282 483 347 546 378
637 499 828 546 rusornrur
852 499 956 544 mser
979 500 1030 546 ιιι.

281 653 378 716 terius
392 652 424 716 in
440 651 648 738 longitudine,
663 661 696 717 et
717 673 839 716 mrsum
855 651 1020 737 dupliciter
1033 651 1066 714 in
1082 650 1254 716 latitudine
1301 651 1383 726 Quo

282 755 377 834 lucto,
402 776 474 818 cum
497 754 628 840 parvulo
651 754 768 840 forcipe
790 753 869 818 frica
887 754 1058 840 particulas
1080 755 1202 840 argenti
1224 754 1306 818 sicut
1322 776 1382 816 vo·

282 857 374 920 lueris
401 865 433 920 et
456 877 642 942 superpone,
673 865 769 943 atque
798 877 870 921 cnm
900 856 1013 921 eodem
1043 857 1162 942 forcipe
1187 856 1265 920 lrica
1290 877 1381 919 sum-

283 960 408 1022 mitates
432 959 554 1044 argenti
584 967 620 1022 nt
649 957 830 1022 adhereant
881 957 1026 1044 Cumque
1054 968 1157 1023 totum
1187 957 1379 1044 operareris,

282 1063 385 1126 denub
415 1083 498 1147 poue
520 1083 618 1147 super
643 1083 762 1146 prunas
792 1060 938 1126 ardentes
967 1061 1069 1126 donec
1100 1081 1224 1124 rursum
1249 1059 1378 1144 nigmm

282 1165 348 1244 fiat,
370 1173 465 1250 etque
487 1165 613 1228 elevans
635 1164 765 1249 forcipe,
788 1186 861 1228 cum
882 1165 980 1250 longo
1002 1164 1085 1228 ferro
1106 1183 1146 1227 ex
1169 1161 1268 1226 calibe
1283 1161 1379 1226 valde

282 1266 394 1352 aequnli
420 1273 453 1330 et
477 1265 643 1331 manubrio
670 1265 769 1330 infixo
790 1265 958 1352 diligenter
979 1265 1090 1352 polles,
1112 1264 1379 1350 suppositumque

281 1367 400 1454 prunis,
415 1369 527 1432 iterum
550 1367 710 1434 calciaties
731 1389 916 1455 mrsnmque
939 1389 1011 1432 cum
1027 1366 1140 1431 eodem
1158 1365 1239 1430 ferro
1255 1365 1381 1428 fortiter
1494 1405 1499 1418 ·

282 1471 391 1556 polies.
436 1471 533 1546 Quod
552 1471 577 1534 si
594 1471 728 1536 volneris
749 1471 825 1534 illud
845 1491 901 1556 per
922 1477 1028 1556 partes
1050 1477 1106 1532 out
1127 1491 1166 1532 ex
1189 1477 1256 1533 toto
1277 1469 1379 1532 deau-

282 1595 363 1655 rare,
377 1574 410 1637 in
425 1575 536 1638 tussit
557 1583 723 1660 potestate.
769 1575 842 1638 Hoc
864 1572 971 1638 modo
984 1572 1082 1636 iraena
1097 1580 1129 1636 et
1143 1580 1247 1635 cetera
1260 1569 1379 1635 iustru-

282 1689 392 1741 mento
406 1678 562 1764 equestria
575 1679 624 1740 vel
639 1677 852 1763 quodcunque
866 1677 900 1740 in
916 1675 998 1740 ferro
1012 1675 1147 1740 volueris
1163 1673 1265 1738 incide
1280 1674 1379 1738 modo

282 1803 346 1867 quo
362 1781 513 1864 superius,
536 1780 592 1844 sed
612 1777 807 1865 pmfundius,
823 1778 1003 1864 habeasque
1024 1777 1079 1842 filo
1101 1799 1140 1842 ex
1156 1785 1287 1864 urgento
1302 1777 1380 1839 sub-

282 1882 425 1947 tilissime
441 1891 537 1967 utque
557 1904 596 1946 ex
618 1903 706 1960 uuro,
723 1880 865 1945 formaris
885 1879 941 1944 tibi
955 1879 1029 1944 inde
1045 1879 1244 1944 brevissimos
1259 1878 1380 1942 floscu-

281 1986 330 2048 los
346 1992 378 2048 et
392 1983 536 2063 circulos,
555 1983 620 2048 sire
643 1983 728 2048 uliud
750 1983 963 2070 quodcunque
984 1982 1119 2062 libuerit,
1134 1990 1253 2046 etcum
1267 1979 1380 2067 gracili

281 2087 401 2172 forcipe
423 2107 517 2172 super
532 2087 648 2151 fenum
671 2088 805 2174 qualiter
818 2087 955 2151 volueris
974 2107 1068 2172 pone,
1091 2095 1186 2171 atque
1201 2105 1274 2148 cum
1290 2083 1380 2148 brevi

283 2191 396 2254 melleo
411 2189 522 2254 leniter
542 2199 670 2276 percute
690 2198 725 2254 ut
744 2189 921 2268 udhaereot3
945 2189 1047 2274 sitque
1066 2209 1190 2273 semper
1204 2208 1286 2250 unus
1301 2187 1380 2250 llos·

282 2291 372 2356 culus
395 2313 508 2357 oureus
532 2293 610 2357 alter
632 2301 808 2379 argenteus.
855 2291 991 2377 Impleto
1013 2299 1120 2355 nutem
1141 2290 1246 2354 taliter
1267 2288 1379 2374 specio

283 2395 354 2461 ferri
376 2396 483 2475 totius,
507 2417 589 2482 pone
612 2417 705 2482 super
728 2417 845 2482 prunas
868 2397 971 2460 donec
995 2393 1162 2480 nigrescat,
1185 2402 1280 2480 utque
1303 2413 1378 2455 cum

283 2499 432 2564 mediocri
454 2500 569 2563 malleo
591 2507 720 2586 percute
741 2498 919 2585 diligenter,
943 2498 1045 2562 donec
1065 2495 1246 2582 ubicunque
1260 2494 1379 2558 ferrum

283 2609 414 2686 apparet
427 2599 646 2668 incisurseillae
666 2599 804 2686 aequsles
825 2598 915 2676 finnt,
936 2607 968 2660 et
988 2597 1033 2660 sic
1048 2617 1128 2682 opus
1143 2593 1220 2658 illud
1234 2593 1380 2657 videntur

283 2703 373 2789 qussi
395 2703 545 2788 nigellum
567 2703 616 2766 sit.
663 2699 696 2764 Si
712 2723 785 2765 rero
808 2701 840 2763 in
862 2699 994 2763 cultellis
1015 2698 1079 2763 sire
1094 2697 1126 2761 in
1141 2697 1210 2760 oliis
1224 2695 1313 2760 serris
1326 2696 1379 2759 lit-

282 2815 366 2868 teras
389 2805 506 2869 habere
527 2805 672 2884 volueris
695 2825 768 2869 cum
790 2801 924 2866 fossorio
947 2803 1028 2865 ferro
1052 2799 1126 2865 fode
1148 2821 1202 2864 ess
1224 2798 1378 2886 inprimis,

282 2907 397 2970 deinde
420 2907 505 2971 facto
526 2908 583 2970 filo
601 2917 752 2993 argenteo
768 2927 890 2991 grosso,
913 2904 1015 2969 forma
1033 2925 1106 2968 cum
1128 2903 1237 2989 gracili
1259 2903 1378 2988 forcipe

282 3010 410 3087 litteras,
437 3019 469 3071 et
493 3009 609 3093 inpone
634 3029 689 3072 eus
715 3007 846 3072 fossuris
872 3007 943 3086 illis,
970 3005 1210 3094 percutiensque
1235 3004 1378 3091 superius

283 3131 355 3174 cum
371 3111 485 3174 malleo
500 3110 594 3195 imple
612 3133 675 3175 eas.
721 3110 794 3174 Hoc
810 3109 907 3174 modo
923 3109 1018 3173 etiam
1033 3109 1182 3174 flosculos
1197 3116 1229 3172 et
1243 3108 1377 3172 circulos

284 3213 386 3276 fucere
400 3219 492 3298 potes
505 3213 539 3276 in
555 3212 648 3294 ferro,
663 3222 696 3277 et
715 3233 789 3290 cum
806 3211 868 3276 iilis
883 3233 922 3275 err
938 3233 1037 3296 cupro
1051 3219 1084 3276 et
1098 3211 1254 3275 auricalco
1269 3209 1375 3295 imple.

284 3315 317 3378 Si
340 3317 416 3402 quid
437 3337 511 3380 vem
533 3315 627 3401 hujus
650 3315 753 3402 operis
768 3321 923 3378 vetustate
946 3335 1001 3377 seu
1024 3313 1219 3400 negligenti&
1241 3313 1377 3377 tracum

283 3418 387 3497 luerit,
410 3418 437 3482 si
462 3427 629 3503 argentum
652 3416 739 3504 quod
763 3423 811 3480 est
833 3415 967 3480 volueris
992 3415 1163 3502 acquirere,
1187 3417 1277 3480 mitte
1299 3413 1377 3477 illud

283 3520 444 3605 inignem
466 3521 569 3584 donec
591 3518 734 3596 candeat,
757 3525 930 3604 tenensque
948 3516 1076 3582 sinistris
1098 3537 1194 3582 manu
1215 3539 1288 3582 cum
1310 3515 1377 3580 ior-

283 3621 363 3706 cipe,
386 3621 516 3684 dexteris
539 3621 668 3704 longum
694 3619 860 3704 plumbum
883 3619 961 3686 frico
987 3643 1080 3707 super
1102 3621 1208 3686 omniu
1230 3621 1300 3685 loce
1322 3619 1378 3684 ubi

282 3730 448 3806 argentum
466 3732 607 3808 apparet,
621 3730 654 3786 et
665 3743 739 3785 mox
754 3721 945 3808 liquescente
956 3724 1087 3809 plumbo
1102 3725 1206 3810 ipsum
1222 3721 1378 3810 liquescit,

282 3834 315 3889 et
329 3825 358 3889 ei
375 3824 614 3906 commiscetur;
637 3825 745 3912 sicque
765 3825 929 3912 plumbum
950 3825 1145 3891 comburitur
1163 3833 1196 3890 et
1209 3833 1378 3911 argentum

283 3928 463 4017 acquiritur.
