3228 5134
644 463 833 508 THEOPHILI
859 463 962 508 LIBER
986 464 1010 506 1.

635 689 875 785 CAPUT
934 688 1019 784 IX.

636 911 681 954 DE
704 909 839 956 nummu
862 908 1029 954 SECUNDA.

358 1061 385 1126 Τ
400 1063 426 1126 si
442 1062 538 1126 facies
554 1061 722 1125 tenebrosa
737 1061 830 1125 buerit
844 1069 880 1125 ut
893 1062 921 1124 ei
937 1082 1001 1123 non
1018 1059 1154 1124 sufficiat
1168 1080 1232 1122 una
1247 1058 1377 1135 lumina,

381 1165 463 1229 adde
477 1165 505 1229 ei
528 1163 662 1249 amplius
686 1163 727 1227 de
749 1163 821 1228 albo
837 1172 869 1228 et
883 1184 978 1249 super
992 1163 1126 1247 priorem
1143 1162 1232 1226 linies
1247 1161 1376 1226 subtiles

218 1283 224 1292 ·
280 1274 400 1330 tractus
415 1288 470 1350 per
484 1266 601 1331 omnia.

653 1574 894 1673 CAPUT
951 1579 1006 1672 X.

328 1801 374 1844 DE
396 1797 551 1843 carmus
574 1797 773 1858 PUERORUM,
796 1797 1068 1844 ADOLESCENTUM
1093 1795 1135 1840 m·
1156 1796 1332 1840 Juvssrlvnr.
1384 1818 1390 1830 x

363 1947 444 2014 OST
472 1947 541 2012 haec
566 1948 663 2012 misce
688 1947 849 2013 modicum
872 1949 998 2035 nigrum
1023 1969 1096 2013 cum
1123 1967 1203 2032 ogra
1231 1953 1263 2009 et
1282 1946 1378 2031 imple

383 2051 514 2138 capillos
533 2071 713 2137 puerorum,
735 2060 768 2114 et
793 2051 936 2114 discerne
956 2073 1011 2114 eos
1034 2071 1107 2114 cum
1130 2049 1230 2133 nigro.
1285 2047 1379 2110 Adde

283 2153 418 2238 amplius
440 2152 521 2238 nigri
544 2174 618 2216 eum
646 2173 722 2238 ogra
750 2160 782 2216 et
805 2152 899 2238 imple
925 2152 1056 2238 capillos
1080 2149 1327 2229 adolescentum,
1348 2156 1380 2212 et

282 2255 425 2320 illumina
445 2277 518 2320 cum
533 2254 644 2339 prima.
698 2253 791 2317 Adde
806 2253 940 2339 amplius
955 2253 1060 2317 adhuc
1076 2251 1157 2338 nigri
1171 2260 1204 2316 et
1217 2251 1314 2337 imple
1325 2271 1379 2314 ca·

281 2359 373 2445 pillos
383 2359 550 2445 juvenum,
566 2363 598 2419 et
612 2355 754 2419 illumina
769 2377 842 2418 eum
858 2355 1006 2419 seeundo.

642 2675 872 2773 CAPUT
929 2679 1020 2774 XI.

581 2899 627 2939 DE
655 2896 780 2941 naama
802 2897 1086 2942 ADULESCENTUM.

287 3044 490 3199 MISCE
520 3048 625 3132 prasin
650 3058 683 3112 et
708 3047 839 3112 rubeum
871 3058 903 3113 et
927 3049 953 3113 si
975 3048 1024 3112 vis
1047 3071 1128 3113 rosae
1154 3048 1325 3129 modicum,
1351 3058 1383 3112 et

407 3149 503 3236 imple
517 3149 634 3214 barbas
649 3151 895 3215 adolescentum.
957 3149 1061 3215 Misce
1076 3173 1188 3236 ogram
1203 3159 1236 3215 et
1256 3151 1381 3236 nigrum

284 3260 318 3315 et
340 3253 483 3331 mbeum,
507 3260 539 3316 et
560 3251 656 3338 imple
680 3252 811 3338 capillos
834 3263 866 3317 et
887 3252 1029 3316 illumina
1054 3251 1130 3339 ogrri
1151 3252 1277 3316 modico
1292 3252 1383 3337 nigro

286 3352 396 3433 mixtis,
412 3365 497 3418 etex
513 3353 625 3418 eadem
641 3354 778 3418 mixtura
793 3355 843 3419 fac
859 3354 966 3440 nigros
981 3362 1100 3420 tractus
1116 3355 1148 3419 in
1163 3354 1273 3419 barba.

611 3567 834 3574 -..——--—-
868 3563 1081 3573 0--..-—-—-

625 3698 860 3795 CAPUT
916 3698 1044 3795 XII.

375 3919 421 3961 DE
439 3918 593 3963 carinus
616 3919 658 3964 ΕΤ
681 3920 797 3964 EARDA
818 3920 1086 3966 DECREPTTORUM
1108 3921 1149 3964 ET
1172 3919 1298 3964 SENUM.

391 4068 493 4133 lSCE
509 4071 670 4135 modicum
686 4071 765 4154 nigri
788 4092 861 4135 cum
885 4093 1004 4150 derosa,
1031 4081 1064 4135 et
1087 4071 1182 4156 imple
1206 4069 1337 4154 capillos
1352 4081 1385 4134 et

404 4171 519 4236 barbas
535 4171 776 4256 decrepitorum.
814 4172 907 4236 Adde
922 4171 1025 4236 eidem
1040 4172 1139 4235 colori
1155 4169 1289 4255 amplius
1304 4169 1385 4256 nigri

288 4279 320 4334 et
342 4271 502 4336 modicum
526 4273 624 4353 rubei,
644 4283 677 4337 et
693 4273 743 4337 fac
758 4273 831 4338 inde
846 4282 974 4353 tractus,
995 4283 1028 4337 et
1042 4271 1233 4335 illuminabis
1252 4270 1386 4354 simplici

289 4371 408 4440 cerosi„
453 4372 634 4438 Commisce
651 4396 773 4440 rursum
789 4397 905 4440 cerosae
920 4375 1054 4461 amplius
1071 4373 1162 4458 nigri,
1177 4380 1209 4436 et
1223 4372 1318 4456 imple
1333 4393 1385 4435 oa·
