3236 5144
330 507 394 571 274
680 525 870 572 ruaoeumr
896 525 1000 568 maara
1019 523 1072 568 111.

329 717 393 773 ore,
416 695 519 760 donec
545 693 653 758 videas
669 695 772 779 ipsam
798 693 1005 758 solidatumm
1026 693 1072 756 ita
1095 693 1343 779 circumquaque
1365 689 1433 754 dis-

329 819 462 876 currere,
492 797 583 883 quasi
613 818 697 882 aqua
727 796 942 882 perfundatur.
990 794 1034 858 Et
1057 816 1133 858 mox
1165 815 1315 880 asperges
1345 791 1433 879 aquai

330 899 454 963 modice
480 908 575 985 atque
598 899 702 977 eicies,
727 907 760 962 et
786 899 952 984 diligenter
967 897 1100 976 lavabis,
1125 919 1313 982 rursumque
1335 917 1433 980 super

327 1001 418 1065 linies
438 1001 655 1079 solidaturam,
670 1022 708 1064 ac
732 1001 814 1065 sicut
829 1001 915 1087 prius
939 1000 1103 1081 solidabis,
1117 999 1219 1064 donec
1244 999 1353 1063 omnia
1375 996 1434 1060 fila

331 1104 461 1167 firmiter
475 1112 569 1168 stent.

653 1707 889 1805 CAPUT
946 1708 1104 1805 LIII.

503 1929 549 1972 DE
571 1929 785 1973 IMPONBNDIS
808 1929 942 1972 GEMMIS
966 1929 1008 1972 ΕΤ
1031 1926 1253 1971 mandamns·

409 2073 492 2138 OST
507 2075 575 2140 lraec
590 2076 692 2140 incide
706 2098 762 2162 per
772 2077 943 2162 particulas
954 2077 1046 2163 quasi
1062 2075 1215 2162 corrigias
1230 2077 1284 2155 ita,
1299 2084 1336 2138 ut
1349 2097 1432 2140 una-

423 2199 556 2264 quoeque
578 2179 712 2265 corrigia
735 2179 851 2244 habeat
872 2179 961 2244 filum
983 2201 1091 2258 unum,
1113 2200 1194 2265 quas
1216 2178 1322 2242 statim
1342 2201 1432 2243 com-

331 2279 463 2366 plicabis
478 2289 510 2343 et
524 2279 619 2344 facies
637 2281 711 2344 inde
733 2280 952 2362 domunculae,
967 2281 1082 2368 quibus
1096 2280 1217 2366 lapides
1232 2281 1433 2360 claudantur,

331 2382 468 2446 minores
490 2391 522 2446 et
543 2383 690 2469 majores,
710 2383 750 2446 ad
770 2405 950 2446 mensuram
973 2383 1229 2469 uniuscujusque,
1252 2382 1432 2447 ordinabis-

331 2505 393 2570 que
409 2505 463 2547 eas
477 2484 510 2546 ih
525 2485 591 2548 suis
606 2485 693 2550 locis.
739 2483 883 2548 Habebis
898 2505 1026 2571 quoque
1048 2483 1182 2548 sannam
1196 2486 1238 2548 de
1252 2485 1433 2570 similagine

330 2585 480 2649 fmmenti
495 2587 559 2650 sive
575 2587 716 2674 siliginis,
732 2609 828 2674 quam
844 2585 991 2650 miscebis
1005 2607 1088 2672 aqua
1100 2585 1132 2648 in
1148 2587 1278 2671 parvulo
1289 2587 1432 2666 vasculo,

330 2697 362 2752 et
377 2709 477 2773 pones
492 2711 586 2774 super
607 2688 772 2768 carbones,
787 2697 823 2752 ut
844 2709 955 2774 perum
975 2688 1101 2752 calefiat
1110 2713 1118 2766 ;
1141 2687 1174 2751 in
1189 2709 1286 2775 quam
1301 2689 1433 2774 tingues

331 2790 455 2854 modice
482 2791 690 2854 domunculas
716 2791 796 2869 illas,
821 2811 1079 2875 unamquamque
1102 2790 1301 2876 singulariter
1323 2791 1356 2852 in
1380 2791 1432 2854 in-

331 2892 443 2956 feriore
458 2901 546 2978 parte
561 2893 668 2978 sicque
690 2892 830 2956 stabilias
849 2892 882 2954 in
897 2914 957 2955 suo
971 2892 1054 2955 loco.
1099 2890 1257 2956 Omnibus
1272 2913 1347 2956 vero
1362 2900 1432 2955 sta·

330 2993 426 3057 bilitis
442 3015 525 3078 pone
540 3015 633 3078 super
654 2993 807 3057 carbones
829 3003 950 3078 partem
971 2993 1038 3057 auri
1054 3015 1258 3080 superquam
1273 2994 1431 3072 stabilisti,

330 3098 433 3160 donec
443 3097 617 3159 exsiccetur
628 3095 741 3158 humor
750 3095 868 3175 farina,
878 3104 993 3160 etmox
1004 3095 1219 3160 adhaerebunt.
1249 3095 1338 3160 Tolle
1347 3118 1431 3181 quo-

332 3223 394 3288 que
406 3201 460 3264 fila
472 3199 609 3278 subtilia,
622 3210 654 3262 et
665 3207 793 3284 percute
802 3221 840 3263 ea
855 3199 979 3262 modice
988 3220 1082 3284 super
1097 3197 1254 3277 incudem,
1266 3199 1311 3262 ita
1321 3207 1357 3261 ut
1371 3199 1432 3261 ali-

331 3305 519 3393 quantulum
534 3312 630 3366 tenua
645 3302 717 3382 sint,
733 3311 885 3366 ettamen
901 3321 1000 3386 grana
1016 3301 1158 3388 superius
1172 3310 1205 3364 et
1219 3301 1347 3364 inferius
1362 3321 1428 3364 uon

330 3407 505 3493 procedant
520 3407 569 3468 vel
585 3405 719 3492 perdant
741 3404 875 3467 formam
895 3425 985 3467 suam
1000 3403 1074 3467 inde
1089 3403 1294 3489 complicabis
1309 3401 1429 3466 floscu-

329 3511 377 3572 los
401 3509 536 3594 majores
561 3517 593 3572 et
618 3508 766 3587 minores,
788 3507 872 3572 unde
896 3507 1040 3592 implebis
1061 3527 1192 3592 campos
1214 3527 1324 3570 omues
1346 3505 1430 3568 inter

331 3609 556 3688 domunculas;
587 3632 669 3696 quos
696 3633 769 3674 cum
796 3609 980 3674 formaveris
1006 3609 1112 3674 subtili
1138 3608 1266 3695 forcipe,
1291 3608 1430 3692 intinges

332 3733 387 3776 eos
402 3711 434 3773 in
449 3710 580 3774 humida
601 3713 713 3792 farina,
736 3712 843 3800 sicque
865 3713 1034 3777 collocabis
1048 3733 1307 3799 unamquamque
1321 3711 1354 3773 iu
1369 3733 1429 3775 suo

330 3815 412 3878 loco.
459 3811 533 3888 Quo
560 3812 646 3878 facto
673 3837 756 3899 pone
782 3837 876 3902 super
899 3815 1064 3894 carbones,
1090 3825 1126 3878 ut
1151 3816 1295 3892 siccetur,
1320 3813 1429 3878 statim

331 3938 394 4004 que
415 3915 599 4000 superlinies
618 3917 835 3996 solidatorem,
851 3927 883 3982 et
897 3917 1046 3982 solidabis
1060 3918 1142 3981 sieut
1157 3917 1308 4002 superius.
1354 3915 1429 3980 Hoc

330 4017 428 4082 modo
449 4017 589 4104 utrisque
611 4020 753 4104 partibus
775 4021 867 4084 unius
890 4021 1037 4084 auriculae
1060 4019 1201 4084 solidatis
1224 4042 1261 4084 ac
1284 4019 1427 4098 firmatis,

328 4121 488 4207 conjunge
508 4141 561 4183 eas
582 4129 615 4184 et
633 4121 797 4208 interpone
814 4123 859 4187 eis
880 4122 1025 4201 fundum,
1042 4121 1075 4184 in
1096 4120 1229 4184 circuitu
1247 4121 1316 4207 ejus
1332 4123 1429 4206 juxta

329 4245 418 4287 oram
432 4221 622 4302 interiorem,
637 4223 783 4288 videlicet
805 4247 900 4290 unam
920 4234 1048 4288 tenuem
1066 4232 1189 4310 partem
1208 4223 1285 4302 auri,
1301 4224 1429 4309 quaesit

330 4325 412 4389 sicut
427 4324 558 4404 festuca,
574 4336 606 4389 et
620 4328 749 4413 aequalis
764 4350 820 4414 per
835 4329 951 4392 omnia.
997 4327 1104 4404 Quam
1119 4338 1242 4415 partem
1258 4350 1331 4392 cum
1346 4331 1429 4394 inter

223 4437 225 4444 “
327 4425 398 4490 illas
414 4426 493 4491 duas
504 4426 659 4512 junxeris,
675 4429 830 4516 complica
844 4440 906 4494 tres
922 4431 1091 4516 particulas
1107 4431 1178 4496 ferri
1194 4439 1315 4511 tenues,
1329 4442 1362 4497 et
1376 4435 1426 4498 fac
