3140 5152
274 459 338 522 332
621 477 812 522 rasorium
837 477 941 520 urusn
964 477 1016 520 111.

273 651 335 714 que
352 630 460 694 formae
482 639 515 694 et
529 651 633 708 sexus,
656 651 728 716 quoe
749 628 909 714 impressa
931 651 1009 693 auro
1024 629 1074 693 vel
1090 635 1222 715 argento
1244 647 1301 692 seu
1316 647 1379 689 cu·

274 753 331 818 pro
346 732 507 810 deaurato,
530 732 697 818 plurimum
721 730 843 794 decoris
866 740 1017 817 praestant
1037 731 1126 811 locis,
1142 729 1256 817 quibus
1279 728 1373 814 inpo—

274 842 399 912 nuntur,
421 843 551 920 propter
572 833 776 900 subtilitatem
799 843 831 898 et
852 835 1085 920 operositatem.
1132 832 1228 897 Fiunt
1245 842 1277 896 et
1291 833 1374 896 ima-

273 935 362 1021 gines
378 957 490 1022 regum
512 944 544 1000 et
565 936 705 1022 equitum
728 936 840 1000 eodem
864 935 961 1000 modo
984 935 1078 1016 serro,
1101 959 1142 1000 ex
1157 936 1272 1022 quibus
1287 933 1374 997 auri-

274 1038 363 1102 calco
389 1037 563 1125 Hispanico
589 1037 737 1123 inpressis
767 1047 918 1102 ornantur
944 1039 1061 1124 pelves,
1087 1037 1203 1125 quibus
1227 1057 1311 1123 aqua
1337 1035 1374 1098 in

274 1139 420 1204 manibus
434 1139 584 1219 funditur,
600 1141 713 1206 eodem
728 1141 825 1206 modo
843 1163 907 1228 quo
927 1149 1079 1206 ornantur
1098 1139 1211 1226 scyphi
1227 1159 1304 1202 auro
1320 1137 1374 1200 vel

275 1250 416 1327 argento,
431 1264 503 1306 cum
527 1243 591 1307 suis
612 1243 716 1307 limbis
739 1244 880 1331 ejusdem
898 1243 1026 1322 metalli,
1049 1242 1212 1329 inquibus
1228 1239 1373 1305 bestiolas

274 1343 323 1406 vel
345 1365 419 1408 aves
441 1355 473 1408 et
494 1343 627 1424 flosculi,
649 1344 704 1432 qui
727 1353 834 1410 tamen
857 1367 922 1410 uon
944 1346 1160 1431 configuntur,
1183 1343 1240 1408 sed
1255 1351 1373 1428 stagno

274 1447 458 1512 solidantur.

545 2033 783 2130 CAPUT
841 2033 1085 2131 LXXVI.

723 2287 769 2329 DE
792 2285 923 2331 chavus.

277 2452 465 2608 FIUNT
487 2461 592 2516 autern
608 2453 688 2516 clavi
710 2451 800 2517 ferrei
824 2453 1021 2540 longitudine
1036 2453 1128 2517 unius
1143 2454 1244 2540 digiti,
1259 2454 1291 2518 in
1307 2477 1373 2519 una

374 2555 555 2619 summitate
570 2555 753 2639 grossiores,
769 2555 800 2617 in
822 2556 921 2620 altera
936 2555 1127 2642 graciliores,
1142 2556 1174 2620 in
1190 2579 1255 2644 qua
1273 2558 1369 2624 etiam

273 2657 410 2744 chalybe
433 2657 589 2722 solidandi
611 2667 695 2736 sunt,
715 2679 850 2743 quorum
873 2680 954 2721 unus
975 2657 1100 2720 limetur
1121 2659 1371 2744 quadrangulus,

275 2761 357 2825 alius
386 2761 572 2846 triangulus,
598 2759 707 2824 tertius
737 2759 898 2840 rotundus,
930 2759 1103 2824 secundum
1129 2761 1371 2826 convenientem

275 2864 532 2950 grossitudinem.
578 2861 705 2927 Deinde
739 2861 923 2946 sculpantur
955 2863 988 2924 in
1022 2861 1068 2925 eis
1100 2861 1222 2926 flosculi
1257 2863 1371 2927 eodem

275 2965 382 3044 modo,
404 2988 467 3052 quo
487 2987 592 3051 supra,
614 2964 658 3027 ita
677 2972 713 3027 ut
734 2985 789 3029 ora
807 2964 879 3027 ferri
902 2963 984 3027 circa
1004 2963 1168 3028 flosculum
1191 2974 1285 3028 acuta
1302 2967 1370 3030 fiat.

276 3067 424 3154 Cumque
439 3067 531 3133 valde
553 3075 750 3131 attenuatum
773 3066 866 3130 fuerit
887 3075 1052 3153 argentum
1075 3067 1140 3130 sive
1161 3088 1294 3152 cuprum
1314 3068 1371 3132 de·

275 3180 430 3251 auratum,
442 3171 490 3234 vel
502 3170 704 3249 auricalcum,
716 3170 747 3232 in
760 3169 911 3256 superiori
923 3177 1012 3254 parte
1028 3169 1137 3255 police,
1150 3179 1186 3234 ut
1202 3192 1314 3257 supra;
1336 3171 1370 3234 in

273 3273 412 3338 inferiori
427 3295 500 3338 vero
523 3272 780 3360 superstagnabis
796 3271 888 3336 valde
912 3277 1005 3336 tenue
1028 3293 1099 3335 cum
1123 3270 1215 3352 ferro,
1237 3295 1301 3358 quo
1323 3273 1369 3337 fe-

275 3387 388 3442 nestrae
403 3377 588 3456 solidantur,
603 3397 765 3462 ponesque
780 3375 943 3460 plumbum
960 3375 1097 3460 spissum
1114 3397 1207 3460 super
1222 3375 1368 3440 incudem

275 3489 308 3544 et
325 3480 458 3565 desuper
475 3487 654 3564 argentum,
672 3478 737 3541 sive
755 3499 887 3562 cuprum
906 3475 1105 3558 deauratum,
1123 3479 1168 3541 ita
1185 3487 1221 3542 ut
1238 3478 1370 3543 deaura-

274 3591 346 3645 tura
361 3582 502 3668 superius
517 3581 559 3644 sit
573 3588 605 3644 et
616 3589 764 3666 stagnum
777 3578 921 3658 inferius3
943 3589 1132 3667 sumptoque
1143 3603 1205 3645 uno
1217 3603 1257 3646 ex
1269 3582 1370 3664 ferris,

274 3683 368 3772 quale
395 3683 481 3761 velis,
515 3682 616 3767 junge
645 3682 837 3766 sculpturam
867 3681 907 3744 ad
943 3690 1122 3767 argentum,
1151 3685 1371 3773 percutiesque

275 3786 388 3850 malleo
402 3785 447 3849 ita
461 3795 498 3849 ut
518 3785 676 3871 sculptura
693 3783 725 3847 in
742 3804 779 3848 eo
797 3792 958 3870 appareat,
977 3795 1009 3847 et
1026 3807 1099 3848 cum
1117 3795 1211 3850 acuta
1226 3809 1282 3851 ora
1298 3788 1370 3852 ferri

273 3890 306 3953 in
323 3888 452 3954 circuitu
468 3889 632 3953 incidatur.
676 3887 772 3964 Quod
788 3909 860 3952 cum
876 3909 932 3972 per
947 3895 1048 3952 totum
1065 3899 1231 3975 argentum
1247 3891 1369 3972 feceris,

274 4016 365 4060 serva
388 3993 445 4058 tibi
468 3994 617 4058 flosculos
642 4013 761 4071 omnes,
787 3991 860 4078 quia
886 3990 931 4053 illi
956 3999 1047 4055 erunt
1070 3993 1175 4077 capita
1196 3993 1370 4074 clavorum,

275 4118 408 4185 quorum
435 4096 552 4160 caudas
579 4095 640 4159 boc
667 4095 769 4160 modo·
794 4095 899 4160 facies.
946 4094 1128 4160 Commisce
1158 4095 1238 4160 duas
1264 4105 1370 4182 partes

274 4200 389 4288 stagni,
405 4209 437 4264 et
456 4199 579 4264 tertiam
601 4197 732 4284 plumbi,
753 4208 785 4263 et
803 4208 929 4284 percute
947 4198 1023 4261 illud
1045 4199 1161 4284 gracile
1176 4208 1209 4263 et
1226 4199 1370 4286 longum,

274 4303 388 4368 deinde
409 4302 553 4390 pertrahe
571 4323 625 4388 per
643 4300 798 4366 foramina
816 4301 898 4378 ferri,
918 4301 950 4364 in
970 4323 1033 4386 quo
1055 4301 1109 4364 iila
1129 4299 1308 4382 trabuntur,
1324 4302 1372 4366 ita

274 4416 310 4470 ut
330 4407 549 4493 longissimum
570 4405 655 4469 filum
681 4404 806 4482 babeat,
827 4411 859 4468 et
874 4425 937 4468 uon
961 4403 1077 4490 gracile
1101 4402 1205 4482 nimie,
1225 4405 1280 4468 sed
1305 4427 1372 4469 me·

1550 909 1562 1248 l
