3140 5152
310 516 374 578 306
664 533 853 578 raaoarrrm
878 533 981 577 arnse
1006 535 1059 578 ιιι.

310 686 414 750 denub
436 685 541 769 lapis;
565 684 673 770 sicque
696 685 753 747 fiat
774 684 877 748 donec
898 683 941 748 ad
962 683 1175 770 capacitatem
1190 683 1335 747 sufficiat
1353 683 1424 746 lor·

311 787 408 851 nacis.
453 785 598 873 Cumque
614 785 694 871 lapis
709 785 840 872 coeperit
861 785 1026 873 liquefieri,
1041 807 1098 871 per
1113 785 1303 850 cavernulas
1318 807 1424 872 quas-

310 889 384 954 dam
410 889 573 973 plumbum
597 889 697 953 effluit
710 899 743 952 st
764 910 896 975 cupmm
916 888 1001 952 intro
1016 897 1170 952 remanet.
1216 887 1317 962 Quod
1341 909 1423 950 cum

309 989 484 1054 diutissime
498 989 672 1055 conflatum
692 991 796 1068 fuerit,
812 990 1030 1078 refrigeratum
1050 999 1084 1054 et
1101 989 1222 1068 eicitur,
1237 997 1271 1052 et
1288 1009 1422 1051 rursum

309 1091 396 1154 aliud
418 1093 530 1156 eodem
554 1092 663 1156 ordino
686 1093 866 1177 imponitur.
912 1091 998 1156 Huic
1020 1112 1120 1177 cupro
1141 1091 1245 1154 taliter
1263 1090 1338 1154 fuso
1358 1090 1424 1152 ad-

309 1191 458 1256 miscetur
471 1195 582 1280 quinta
600 1215 673 1279 pars
688 1193 803 1278 stagni,
817 1203 850 1256 at
868 1193 1036 1257 conficitur
1051 1192 1227 1272 metallum,
1244 1212 1312 1277 quo
1327 1212 1425 1254 cam·

311 1315 401 1380 panae
416 1295 599 1360 funduntur.

356 1395 518 1461 Invenitur
539 1397 634 1461 etiam
662 1419 761 1482 genus
787 1397 901 1484 lapidis
926 1395 1093 1461 subcrocei
1113 1394 1240 1472 coloris,
1263 1403 1297 1458 et
1319 1395 1424 1458 inter-

310 1497 386 1562 dum
402 1498 498 1578 rusus,
511 1499 565 1586 qui
580 1499 734 1562 calamina
746 1499 870 1578 dicitur,
885 1499 940 1584 qui
955 1521 1020 1562 non
1031 1497 1215 1562 confractus
1225 1495 1247 1574 ¹,
1263 1497 1425 1560 miscetur

312 1599 503 1665 carbonibus
525 1600 654 1664 omnino
678 1600 891 1678 comminutis,
913 1610 946 1663 st
967 1598 1149 1684 supradicto
1171 1619 1271 1682 cupro
1294 1597 1329 1662 in
1353 1597 1426 1660 lor-

311 1721 390 1765 nnce
405 1703 636 1782 commiscetur,
651 1702 736 1789 quod
751 1702 813 1767 boc
829 1703 925 1768 modo
941 1700 1153 1786 componitur.

619 2383 848 2482 CAPUT
904 2379 1094 2478 LXIV.

737 2629 783 2672 DE
806 2625 973 2672 FORNACE.

315 2795 493 2946 STANT
507 2803 643 2880 quatuor
658 2793 778 2877 lapides
800 2791 833 2854 in
855 2791 985 2854 modum
1000 2790 1112 2870 crucis,
1127 2812 1147 2855 e
1162 2813 1197 2855 se
1211 2791 1421 2878 longitudine

417 2897 509 2960 unius
531 2895 620 2981 pedis
642 2893 790 2980 separati,
811 2891 925 2977 partim
949 2893 982 2955 in
1004 2901 1088 2956 terra
1109 2892 1237 2971 firmati,
1260 2893 1319 2958 sed
1343 2896 1420 2958 alti-

312 2998 421 3061 tudine
447 2997 536 3082 pedis
560 2997 652 3060 unius
677 3017 773 3080 super
798 3003 913 3058 terram
939 2993 1102 3078 aequalitsr
1127 2994 1357 3078 prominentes,
1384 3006 1420 3059 et

311 3118 422 3160 omnes
437 3097 469 3160 in
484 3097 634 3183 superiori
657 3107 746 3181 parte
763 3097 910 3182 aquales.
956 3093 1057 3179 Super
1074 3093 1134 3158 bos
1149 3094 1271 3180 lapides
1286 3117 1418 3180 ponun-

311 3206 362 3260 tur
376 3207 511 3283 quatuor
525 3198 597 3262 ferri
612 3197 821 3284 quadranguli
840 3195 1052 3283 grossitudine
1067 3193 1160 3258 unius
1174 3195 1277 3281 digiti,
1293 3205 1327 3260 et
1341 3197 1417 3260 lon-

310 3297 452 3384 gitudine
467 3309 503 3363 ut
517 3301 639 3386 possint
653 3298 695 3362 ab
710 3321 773 3362 uno
793 3297 898 3383 lapide
913 3297 954 3361 ad
969 3297 1102 3360 alterum
1117 3298 1275 3382 protendi.
1324 3298 1418 3363 Inter

311 3400 370 3466 hos
387 3403 480 3466 medii
495 3411 655 3489 ponuntur
669 3401 721 3466 alii
736 3399 809 3465 ferri
825 3398 968 3486 ejusdem
983 3419 1150 3477 mensuras,
1165 3399 1280 3485 squali
1295 3401 1416 3486 spatio,

310 3503 342 3566 id
365 3511 414 3566 est
434 3503 597 3568 latitudine
619 3504 712 3568 trium
739 3503 907 3587 digitorum
931 3521 950 3564 a
973 3521 1007 3564 se
1029 3501 1184 3586 separati:
1211 3521 1307 3586 super
1328 3523 1415 3587 qnos

309 3605 403 3668 etiam
419 3604 451 3666 in
462 3615 643 3670 transverso
659 3613 817 3690 ponuntur
829 3600 881 3666 alii
896 3599 1000 3665 formis
1011 3609 1043 3665 et
1057 3603 1209 3665 mensurat
1224 3601 1414 3668 inferiorum

309 3703 432 3788 aequali,
449 3703 492 3768 ita
514 3715 550 3768 ut
571 3705 726 3770 foramina
740 3703 906 3768 videantur
927 3724 996 3766 esse
1011 3703 1242 3788 quadrangula.
1289 3703 1351 3768 His
1366 3706 1415 3770 ita

309 3803 476 3882 distinctis,
491 3825 584 3891 super
599 3806 684 3891 ipsos
705 3804 804 3870 ferros
826 3813 962 3889 ponatur
982 3804 1094 3889 argilla
1109 3803 1232 3868 sortiter
1247 3816 1415 3871 macerata

309 3919 342 3971 st
362 3906 439 3969 fimo
461 3907 534 3990 equi
557 3907 740 3986 commixta,
762 3905 966 3992 spissitudine
988 3909 1084 3969 trium
1105 3905 1291 3992 digitorum,
1313 3907 1360 3972 ita
1374 3919 1415 3972 ut

307 4009 383 4095 ipsis
399 4005 487 4072 ferris
502 4019 597 4094 atque
620 4008 776 4093 lapidibus
798 4029 838 4070 ex
854 4007 941 4071 omni
959 4017 1047 4093 parte
1062 4007 1234 4086 adhaereat,
1249 4017 1283 4072 et
1297 4008 1343 4073 ita
1358 4009 1414 4089 sit,

308 4109 399 4195 quasi
414 4107 495 4170 lares
506 4108 642 4172 rotunda
652 4130 747 4194 super
758 4107 878 4194 lapides
888 4109 1006 4193 jaceat.
1046 4108 1172 4174 Deinde
1183 4131 1258 4174 cum
1270 4111 1414 4176 rotundo

341 4291 348 4321 ¹
366 4295 381 4319 “
389 4291 435 4340 sm
447 4289 481 4337 its
492 4297 518 4336 ut
528 4289 642 4350 effoditur,
653 4291 840 4356 lhubcongestls
850 4299 875 4340 et
885 4293 1030 4342 abundanter
1037 4293 1151 4341 suacensis
1157 4292 1292 4356 imponitur,
1303 4302 1328 4341 et
1337 4295 1415 4345 donee

307 4371 399 4416 omnino
415 4367 513 4414 undat
528 4369 673 4420 comburitur.
708 4373 754 4432 Qui
771 4375 829 4436 lepis
848 4383 899 4434 port
917 4373 967 4424 hac
983 4374 1129 4436 refrigeratur
1145 4383 1170 4424 et
1185 4377 1343 4426 minutissime
1359 4394 1416 4426 con-

306 4445 411 4494 tractus?
444 4445 484 4491 Ex
497 4447 552 4494 Ood.
567 4448 665 4512 Gaelpl.
