3140 5152
288 467 352 530 308
643 481 834 528 runcantur
860 483 963 528 crana
987 483 1037 527 nr.

288 637 375 724 liguo
398 636 429 698 in
448 635 557 722 spatiis
579 635 659 700 inter
680 634 779 698 ferros
802 633 958 698 foramina
980 634 1058 696 fiant
1073 655 1128 719 per
1142 633 1251 699 omnia
1266 639 1392 721 quanto

288 736 411 824 possint
425 735 596 821 ampliora3
620 744 652 800 et
667 735 713 800 sic
728 735 893 822 diligenter
908 735 1052 800 siccetur.

335 837 463 902 Deinde
478 837 519 900 ab
534 837 620 923 ipso¹
638 857 762 902 sursum
779 838 836 901 liat
851 857 960 900 murus
982 857 1056 902 cum
1075 837 1205 902 minutis
1218 837 1392 924 lapidibus,

290 949 323 1005 et
336 940 448 1004 eadem
463 939 576 1024 argillis
596 939 630 1002 in
651 939 782 1004 modum
799 939 881 1016 ollae,
902 938 948 1002 ita
970 948 1005 1002 ut
1020 961 1040 1002 a
1054 940 1224 1004 medietate
1242 941 1392 1025 superius

289 1041 518 1129 aliquantulum
543 1041 679 1106 strictior
704 1042 755 1120 sit,
782 1049 814 1104 et
842 1041 899 1106 fiat
927 1041 1021 1105 altior
1049 1063 1145 1128 quam
1175 1041 1311 1106 latimdo
1337 1041 1392 1118 sit,

289 1154 386 1229 atque
408 1166 481 1208 curn
503 1143 705 1229 ligaminibus
727 1142 835 1206 ferreis
856 1142 997 1230 quinque
1019 1151 1074 1207 aut
1094 1153 1231 1228 quatuor
1252 1143 1393 1206 circum-

290 1245 414 1329 ligetur,
437 1255 469 1310 et
494 1245 606 1310 eadem
628 1245 738 1330 argilla
753 1244 883 1308 interius
901 1255 934 1308 et
954 1245 1092 1308 exterius
1110 1244 1278 1332 diligenter
1295 1245 1393 1308 illini-

290 1355 370 1412 atnr.
416 1346 492 1423 Quo
507 1349 591 1413 lacto
607 1348 809 1434 imponantur
824 1347 978 1410 carbones
992 1345 1139 1410 ardentes
1153 1347 1320 1410 commixti
1335 1367 1393 1410 ex·

291 1449 408 1529 tinctis,
431 1460 462 1514 et
483 1473 558 1514 mox
573 1459 686 1514 ventus
709 1471 764 1536 per
784 1449 931 1514 interiora
952 1447 1107 1512 foramina
1127 1448 1310 1534 ingrediens
1333 1449 1395 1512 ab·

291 1573 370 1637 sque
385 1551 462 1616 flatu
478 1552 559 1616 follis
577 1551 684 1616 educit
698 1551 856 1630 flaurnms,
874 1561 907 1614 et
922 1550 1072 1637 quicquid
1093 1551 1212 1614 metalli
1226 1551 1395 1635 inponitur

291 1654 398 1718 statim
420 1675 476 1738 per
497 1675 531 1718 ce
555 1653 710 1740 liquescit.
755 1651 837 1716 Post
858 1652 925 1716 hssc
948 1651 1011 1716 hcc
1036 1653 1133 1717 modo
1156 1663 1395 1738 componantur

294 1755 421 1818 vascula
444 1755 516 1819 lruic
539 1754 625 1840 operi
645 1753 834 1818 necessarie.

601 2323 841 2421 CAPUT
903 2325 1059 2420 LXV.

582 2559 627 2602 DE
649 2559 903 2605 conroslrtontt
925 2561 1098 2605 vnsonttnt.

291 2723 486 2874 TOLLE
511 2723 669 2810 fragmina
692 2735 831 2790 veterum
854 2745 1012 2804 vasorum,
1039 2725 1072 2787 in
1096 2724 1211 2811 quibus
1235 2733 1311 2788 ante
1334 2747 1393 2790 cu·

398 2848 488 2911 prum
512 2827 577 2890 sive
600 2828 790 2892 auricalcum
816 2828 921 2891 fusum
945 2826 1058 2905 fuerat,
1081 2835 1113 2890 et
1134 2847 1227 2912 super
1248 2827 1392 2912 lapidem

292 2927 474 2991 minutatim
500 2927 672 3014 confringe.
719 2929 845 2992 Deinde
870 2929 978 3014 accipe
1000 2937 1127 3008 terram,
1152 2951 1191 2992 ex
1218 2949 1281 3014 qua
1306 2930 1394 2994 liunt

294 3027 374 3104 ollae,
398 3029 489 3112 cujus
513 3048 630 3112 genera
655 3037 729 3092 sunt
754 3031 837 3108 duo;
864 3051 962 3094 unum
989 3030 1107 3108 album,
1131 3030 1214 3093 aliud
1237 3029 1391 3114 grisium3

251 3167 256 3176 ·
293 3149 333 3192 ex
359 3126 474 3216 quibus
504 3128 612 3192 album
634 3130 720 3194 valet
749 3131 789 3194 ad
820 3131 1027 3196 coloraudum
1053 3152 1175 3211 amum,
1203 3131 1288 3195 aliud
1313 3153 1392 3198 vero

293 3229 334 3294 ad
357 3229 426 3296 hac
448 3251 524 3296 vasa
546 3232 785 3318 componends3
811 3240 938 3298 etcum
963 3233 1172 3300 minutissime
1194 3233 1392 3312 contriveris,

293 3332 377 3398 hanc
404 3333 534 3398 crudam
563 3343 678 3398 terram
708 3335 740 3398 in
770 3355 917 3398 mensura
944 3335 1130 3400 commisces
1156 3334 1254 3415 alteri,
1279 3334 1313 3399 id
1339 3345 1393 3400 est

293 3434 478 3514 combustae,
502 3457 598 3522 quem
625 3437 761 3522 primum
785 3436 926 3516 triveras,
950 3436 1012 3501 hoc
1038 3437 1145 3501 modo.
1189 3436 1308 3522 Accipe
1330 3457 1391 3502 vus

293 3535 506 3622 quodcunque
520 3545 553 3600 et
567 3537 664 3624 imple
678 3538 755 3602 illud
769 3537 819 3602 bis
838 3559 879 3602 ex
899 3537 998 3602 cruda
1012 3549 1105 3618 terra,
1121 3547 1153 3602 et
1167 3547 1216 3602 ter
1229 3561 1269 3604 ex
1284 3547 1391 3618 coctu,

293 3637 336 3700 ita
358 3643 394 3699 ut
416 3637 487 3700 dure
509 3647 614 3724 partes
636 3640 700 3702 sint
722 3638 827 3703 crudae
850 3649 882 3702 et
902 3647 966 3704 tres
984 3649 1094 3721 coctae,
1108 3650 1141 3706 et
1154 3661 1277 3726 ponem
1292 3641 1388 3704 simul

292 3737 324 3800 in
339 3757 396 3800 vas
412 3759 564 3826 magnum
581 3740 733 3828 perfunde
748 3761 833 3828 aqua
847 3741 964 3826 tepida,
982 3749 1015 3805 et
1037 3742 1158 3806 malleis
1179 3763 1218 3806 ac
1240 3742 1390 3806 manibus

291 3839 411 3904 fortiter
433 3861 568 3922 macera,
591 3843 692 3908 donec
715 3843 844 3908 omnino
866 3843 899 3907 in
914 3864 948 3908 se
969 3851 1065 3908 tenax
1087 3845 1138 3908 sit.
1185 3843 1313 3910 Deinde
1327 3843 1388 3928 lig-

291 3963 369 4006 num
396 3942 567 4008 rotundum
589 3943 690 4008 incide
714 3943 756 4006 ad
780 3963 971 4023 mensuram,
994 3963 1093 4030 quam
1111 3943 1247 4007 volueris
1268 3941 1388 4006 habere

291 4065 412 4128 vasam,
436 4045 611 4110 secundum
637 4043 847 4131 quantitatem
874 4044 1021 4123 fornacis,
1047 4052 1079 4108 et
1104 4065 1197 4130 super
1222 4043 1298 4106 illud
1321 4042 1388 4106 for-

292 4146 393 4212 mabis
408 4148 573 4212 vasculum
591 4167 699 4224 unum,
717 4153 748 4209 et
767 4143 937 4210 formatum
957 4167 1033 4210 mox
1048 4146 1256 4212 circumlinies
1271 4145 1386 4210 cineri-

290 4245 350 4314 bus
364 4249 466 4328 siccis,
481 4259 514 4313 et
528 4249 572 4314 sic
582 4247 675 4333 juxta
690 4245 797 4334 ignem
810 4269 892 4333 pone
903 4248 1006 4312 donec
1021 4247 1164 4314 siccetur.
1204 4248 1277 4314 lloc
1288 4248 1386 4312 modo

651 4399 658 4430 ¹
676 4399 769 4450 “lure”
802 4403 849 4452 Ex.
863 4403 919 4454 dccl.
933 4405 1030 4467 Ouelpa
