3216 5138
645 487 833 530 uncorum
860 485 961 528 LIBER
985 486 1022 528 ll.

641 941 874 1038 CAPUT
933 941 1019 1037 lt

477 1220 521 1261 DE
544 1219 784 1262 ΟΟΜΜΙΧΤΙΟΝΕ
807 1219 963 1261 ClNERUM
989 1219 1030 1262 ET
1053 1218 1188 1262 sanum.

286 1419 416 1573 HIS
438 1422 482 1484 ita
496 1423 688 1508 compositis,
704 1423 812 1509 accipe
827 1423 913 1508 ligna
934 1423 1060 1508 faginea
1082 1424 1212 1487 omnino
1235 1423 1266 1487 in
1290 1423 1376 1488 fumo

388 1523 557 1602 exsiccata,
572 1536 604 1589 et
626 1525 763 1590 accende
786 1525 892 1609 ignem
914 1526 1078 1611 copiosum
1100 1526 1133 1588 in
1155 1525 1266 1611 majori
1285 1527 1377 1590 furno

283 1650 323 1693 ex
349 1638 482 1714 utraque
506 1637 603 1714 parte.
650 1629 776 1693 Deinde
800 1630 913 1692 tollens
937 1629 1018 1692 duas
1041 1637 1146 1714 partes
1170 1629 1310 1694 cinerum
1337 1629 1377 1693 de

282 1729 398 1817 quibus
414 1750 508 1814 supra
523 1729 669 1810 diximus,
685 1741 716 1794 et
738 1731 863 1796 tertiam
886 1731 987 1794 sabuli
1010 1730 1180 1816 diligentur
1193 1731 1234 1796 de
1249 1739 1332 1795 terra
1346 1741 1379 1795 et

284 1831 441 1917 lapidibus
464 1833 599 1917 purgati,
621 1833 708 1918 quod
734 1833 774 1897 de
800 1855 884 1920 aqua
908 1833 1025 1912 tuleris,
1048 1833 1218 1897 commisce
1247 1833 1279 1896 in
1306 1833 1377 1897 loco

283 1933 413 1997 mundo.
459 1933 606 2021 Cumque
621 1935 674 2000 diu
690 1946 722 1999 et
743 1937 824 2000 bene
839 1935 1012 2000 commixta
1032 1933 1156 2014 fuerint,
1171 1936 1280 1999 levans
1303 1957 1378 2000 cum

282 2035 376 2098 trulla
387 2035 486 2100 ferrea
498 2059 580 2122 pone
592 2037 624 2099 in
636 2037 747 2102 minori
766 2046 852 2122 parte
867 2037 949 2100 furni
964 2058 1058 2122 super
1070 2037 1168 2100 larem
1185 2037 1376 2123 superiorem

284 2144 319 2200 ut
340 2148 527 2224 coquantur,
544 2146 576 2201 et
597 2160 669 2202 cum
692 2139 844 2226 coeperint
865 2139 1009 2219 calefieri,
1024 2139 1131 2203 atatim
1153 2137 1264 2205 eadem
1286 2139 1379 2203 trulld

285 2260 387 2319 move,
403 2262 443 2304 ne
467 2239 546 2305 forte
569 2241 733 2328 liquefiant
758 2264 778 2306 a
801 2243 905 2307 calore
932 2241 1013 2329 ignis
1039 2250 1072 2306 et
1093 2243 1378 2328 conglomerentur,

285 2342 392 2430 sicque
405 2343 500 2407 facies
516 2365 571 2429 per
586 2344 723 2429 spatium
738 2346 831 2409 unius
847 2345 949 2409 noctis
965 2355 997 2409 et
1011 2345 1082 2410 diei.

651 3115 879 3213 CAPUT
939 3117 993 3211 l

381 3379 427 3422 DE
449 3377 545 3423 VASlS
568 3379 688 3423 OPERIS
712 3381 754 3424 ΕΤ
776 3381 822 3423 DE
843 3379 1029 3430 accusabo
1053 3380 1158 3424 wana
1180 3379 1280 3425 Anno.

287 3581 363 3730 IN
387 3605 451 3668 quo
477 3584 581 3670 spatio
605 3582 713 3667 accipe
736 3583 836 3646 lutum
858 3582 974 3659 album,
997 3603 1037 3645 ex
1059 3604 1123 3668 quo
1145 3592 1379 3668 componuntur

346 3686 429 3764 ollae,
444 3695 475 3748 et
492 3684 656 3749 exsiccans
678 3693 743 3748 tere
765 3683 942 3769 diligenter,
957 3693 991 3748 et
1012 3683 1116 3746 infusa
1137 3705 1231 3770 aqua,
1254 3706 1379 3749 macera

285 3809 358 3851 cum
380 3788 467 3870 ligno
491 3787 621 3866 sortiter,
644 3795 676 3851 et
697 3809 853 3874 compone
876 3809 951 3851 rasa
973 3796 1039 3866 tua,
1057 3809 1128 3874 quae
1150 3786 1213 3850 sint
1234 3789 1379 3872 superius

285 3890 358 3966 lata,
373 3889 502 3952 inferius
518 3911 593 3954 vero
615 3889 734 3970 stricta,
750 3890 901 3954 habentia
922 3889 1004 3954 circa
1026 3911 1082 3953 ora
1103 3889 1223 3952 labium
1245 3909 1379 3974 parvum

285 3991 414 4054 interius
430 4013 605 4056 recurvum.
651 3991 734 4068 Quae
743 4015 815 4057 cum
828 3992 911 4056 sicca
921 3991 1045 4072 fuerint,
1057 3993 1164 4079 accipe
1177 4015 1249 4056 cum
1259 3993 1379 4078 forcipe

284 4115 407 4181 ponens
423 4115 460 4158 ea
474 4095 508 4157 in
523 4095 676 4160 foramine
692 4095 773 4160 furni
789 4095 953 4158 candentis
968 4095 1009 4158 ad
1025 4095 1087 4159 hoc
1099 4097 1217 4181 aptatd,
1227 4104 1260 4159 et
1270 4096 1379 4159 levana

285 4219 357 4260 cum
381 4197 475 4260 trulla
500 4198 620 4261 cineres
643 4207 751 4262 coctos
776 4197 888 4260 sabulo
913 4198 1038 4276 mixtos,
1061 4197 1158 4282 imple
1180 4197 1288 4261 omnia
1302 4217 1380 4259 vasa

286 4321 424 4385 vespere,
440 4309 471 4364 et
494 4324 549 4387 per
571 4311 670 4366 totam
694 4307 819 4364 noctem
842 4299 924 4363 adde
940 4299 1025 4386 ligna
1040 4300 1135 4380 sicca,
1151 4307 1187 4363 nt
1201 4300 1313 4362 vitrum
1339 4319 1378 4361 ex

285 4399 441 4465 cineribus
457 4412 489 4466 et
504 4404 615 4468 sabulo
631 4388 766 4488 plenitur
782 4401 985 4487 liquefactum
1001 4412 1164 4488 coquatur.
