3236 5144
289 505 353 570 234
631 523 825 568 rusorurnr
852 523 955 566 arnna
980 523 1033 568 ιιι.

287 677 377 741 trahe
402 697 475 741 cum
500 675 612 739 subula
632 676 747 739 obtusa
762 675 793 736 in
819 675 924 738 medio
948 673 1186 738 similitudinem
1212 671 1297 757 agni,
1323 672 1390 736 sive

290 779 454 842 dexteram
471 777 561 864 quasi
574 776 614 840 de
624 777 705 840 coelo
720 777 965 840 descendentem
976 785 1008 840 et
1022 777 1212 861 signantem,
1225 787 1255 839 et
1271 775 1392 838 litteras

288 879 462 944 interillos
486 879 568 943 dnos
594 879 738 957 circulos,
755 887 850 964 atque
875 901 947 942 cnm
971 877 1053 942 ferro
1076 878 1212 942 fossorio
1236 877 1392 941 subtiliter

290 982 374 1061 fode,
390 983 511 1066 poliens
527 982 567 1044 ad
583 980 733 1044 effectum
749 980 831 1044 sicut
846 981 988 1044 culicem.

614 1289 710 1298 ..a-«n
719 1287 927 1296 .-..-—·-.--
948 1289 1013 1294 --...
1027 1289 1033 1294 ..
1046 1291 1063 1296 .-

567 1531 806 1627 CAPUT
865 1531 1100 1626 xxtlt.

454 1755 500 1796 1>ss
523 1754 657 1797 Masona
679 1753 803 1796 canton
827 1754 869 1797 Eu
892 1753 1092 1797 lNFUSIORlO
1117 1753 1208 1796 EJUS.

372 1895 471 1962 UOD
494 1899 520 1960 si
542 1899 671 1962 calicem
695 1921 846 1983 magnum
871 1907 1055 1984 argenteum
1071 1898 1225 1960 fabricare
1241 1895 1386 1974 volueris,

398 2009 541 2086 quatuor,
557 2009 612 2063 aut
627 2021 693 2080 sex,
706 2023 762 2064 seu
776 2001 886 2064 decern
901 2022 1088 2077 marcarum,
1106 2001 1206 2085 primo
1223 2001 1296 2084 igne
1312 2020 1386 2083 pur·

288 2100 379 2188 gabis
395 2112 426 2165 et
440 2101 588 2187 probabis
604 2111 707 2165 totum
723 2111 901 2186 argentum,
916 2102 1032 2167 dehinc
1048 2103 1170 2166 divides
1185 2103 1296 2166 ordine
1321 2125 1386 2187 quo

288 2227 390 2290 supra.
417 2204 565 2268 Posthac
581 2203 688 2291 accipe
709 2205 791 2268 duos
814 2205 912 2268 ferros
936 2211 1025 2290 aequd
1050 2205 1163 2290 longos
1187 2214 1219 2267 et
1238 2203 1330 2282 latos,
1345 2203 1387 2266 ad

288 2327 467 2370 mensuram
484 2307 592 2391 palmi,
608 2315 639 2370 et
654 2307 736 2370 sicut
752 2306 873 2370 festuca
897 2307 1026 2392 spissos,
1042 2308 1204 2394 aequaliter
1220 2328 1387 2392 percussos

288 2419 320 2472 et
334 2429 429 2472 sanos
444 2417 476 2472 et
491 2408 531 2471 ad
548 2409 711 2472 mncinam
727 2409 894 2493 diligenter
909 2421 1052 2494 aequatos
1065 2433 1073 2488 3
1097 2409 1178 2474 inter
1193 2431 1274 2495 qnos
1290 2409 1386 2473 facies

287 2511 454 2596 corrigiam
477 2511 607 2574 ferream
631 2511 793 2598 aequaliter
816 2533 995 2596 percussam
1023 2533 1061 2576 ac
1084 2514 1284 2578 mediocriter
1306 2513 1387 2597 spis-

177 2615 185 2631 “
288 2635 366 2692 sam,
382 2635 478 2701 quam
493 2613 697 2700 complicabis
712 2615 743 2676 in
766 2615 896 2677 modum
921 2615 1029 2678 circuli
1053 2637 1090 2678 ea
1116 2614 1335 2701 amplitudine,
1351 2625 1387 2677 ut

286 2715 343 2779 tibi
359 2717 501 2780 videatur
517 2716 603 2801 quod
620 2717 720 2801 possit
735 2717 857 2800 impleri
880 2716 933 2779 illo
948 2731 1094 2802 argento,
1110 2719 1195 2805 quod
1213 2718 1246 2780 in
1260 2739 1299 2781 eo
1317 2717 1387 2780 fun-

285 2817 360 2880 dere
377 2817 433 2880 vis.
480 2818 610 2882 Etcum
627 2819 801 2903 plicaveris,
818 2841 882 2883 non
907 2819 1085 2904 conjunges
1109 2819 1225 2904 capita,
1242 2820 1296 2882 sed
1314 2841 1384 2882 mo-

286 2919 356 2982 dice
382 2921 555 3004 separabis,
585 2930 620 2983 nt
650 2921 791 2984 foramen
822 2931 987 3006 appareat,
1017 2943 1074 3006 per
1104 2921 1190 3007 quod
1221 2921 1386 2984 infundere

287 3021 400 3104 possis.
446 3019 541 3084 Hunc
556 3023 707 3084 circulum
735 3021 860 3106 aptabis
880 3023 961 3085 inter
984 3021 1065 3086 duos
1087 3023 1187 3086 ferros
1209 3023 1385 3109 aqualiter,

287 3124 332 3188 ita
341 3135 376 3186 ut
385 3125 488 3210 capita
500 3125 599 3210 ipsius
614 3135 705 3189 extra
713 3126 812 3190 ferros
824 3148 936 3211 parum
946 3137 1131 3213 appareant,
1142 3136 1174 3190 et
1185 3127 1386 3210 constringes

286 3247 341 3290 eos
358 3227 456 3291 tribus
472 3227 576 3290 curvis
599 3227 686 3291 ferris
709 3227 842 3295 fortibus
858 3229 890 3292 in
913 3229 1013 3293 tribus
1036 3230 1127 3309 locis,
1143 3229 1291 3292 videlicet
1304 3229 1385 3291 infe-

286 3329 350 3392 rius
366 3339 451 3392 etex
468 3339 600 3417 utraque
617 3342 705 3416 parte
721 3331 815 3416 juxta
831 3332 983 3400 foramen,
999 3332 1108 3417 sicque
1132 3331 1222 3394 linies
1238 3330 1382 3416 argillam

287 3441 477 3496 maceratam
494 3433 577 3496 circa
593 3434 743 3497 circulum
759 3434 839 3496 inter
854 3435 954 3497 ferros
970 3441 1002 3496 et
1023 3433 1107 3496 circa
1121 3433 1264 3496 foramen
1281 3431 1383 3495 abun-

286 3533 408 3598 danter.
454 3534 560 3611 Quam
592 3539 737 3616 formam,
764 3559 838 3600 cum
867 3537 987 3600 siccata
1016 3536 1118 3614 fuerit,
1148 3535 1325 3612 calefacies,
1352 3545 1385 3598 et

285 3637 489 3722 liquefactum
514 3649 681 3725 argentum
704 3639 846 3703 infunde.
892 3638 998 3702 Omne
1023 3646 1189 3702 autumet
1215 3647 1383 3723 argentum

286 3739 370 3824 quod
388 3739 442 3802 tali
458 3741 554 3804 modo
570 3742 718 3820 funditur,
735 3742 793 3805 nisi
809 3741 975 3826 contingat
990 3763 1028 3804 ex
1045 3761 1162 3826 magna
1179 3740 1383 3826 negligentia,

285 3861 409 3925 semper
424 3852 473 3905 est
487 3865 599 3907 sanum
615 3844 655 3907 ad
672 3844 867 3928 operandum
883 3844 915 3906 in
931 3865 970 3907 eo
994 3842 1218 3929 quodcumque
1234 3841 1381 3905 volueris.

287 3941 430 4006 Circulos
446 3953 549 4008 autem
566 3947 738 4010 secundum
756 3947 975 4032 quantitatem,
991 3967 1087 4030 quam
1113 3942 1276 4006 infundere
1292 3944 1384 4007 volu-

285 4045 357 4124 eris,
383 4047 591 4126 mensurabis,
607 4057 638 4110 et
662 4049 758 4112 facies
783 4049 918 4133 majores
943 4057 975 4110 et
1000 4047 1157 4124 minores3
1183 4045 1287 4108 fusum
1305 4066 1380 4107 vero

286 4161 451 4234 argentum
469 4159 636 4236 postquam
654 4150 845 4235 percusseris
860 4159 1015 4234 utsupra,
1032 4158 1064 4212 et
1079 4149 1145 4211 vasi
1169 4148 1305 4211 formam
1326 4146 1384 4210 de·

285 4249 377 4330 deris,
394 4253 488 4338 imple
504 4251 579 4315 illud
603 4253 676 4316 cerel
692 4261 724 4314 et
747 4259 874 4336 percute
891 4251 921 4312 in
937 4261 1057 4327 ventre,
1073 4251 1098 4312 si
1116 4250 1252 4313 volueris
1275 4259 1383 4313 costas

284 4349 420 4438 aequales
437 4356 502 4418 sive
519 4352 680 4430 rotundas,
696 4373 766 4438 quae
783 4360 868 4416 stent
883 4353 914 4414 in
939 4353 1070 4416 circuitu
1095 4353 1177 4416 sicut
1192 4351 1381 4429 cochlearia,

284 4457 369 4540 quod
397 4479 476 4542 opus
506 4467 675 4540 utrumque
704 4475 853 4538 magnum
885 4463 1031 4516 ornatum
1060 4454 1115 4516 dat
1144 4453 1243 4518 calici.
1291 4450 1382 4525 Quas
