3220 5138
650 533 839 578 annosam
865 535 966 580 ninas
992 538 1015 580 1.

613 818 836 917 CAPUT
892 819 1047 916 XXX.

293 1023 338 1066 DE
354 1023 519 1070 MOLENDO
535 1024 626 1073 Auno
642 1028 679 1072 IN
696 1027 819 1089 urania,
836 1029 877 1072 Er
893 1029 940 1072 DE
956 1027 1141 1072 munusue
1158 1026 1374 1072 monstrum.

294 1161 436 1314 CUM
452 1165 639 1252 pertraxeris
654 1165 808 1251 imagines
824 1165 873 1230 vel
889 1166 1009 1230 litteras
1023 1166 1056 1229 in
1071 1165 1168 1246 libris,
1182 1166 1257 1230 tolle
1271 1187 1384 1230 nurum

377 1288 491 1352 purum
517 1275 550 1330 et
571 1266 646 1331 lima
670 1267 746 1331 illud
773 1267 981 1332 minutissime
1009 1268 1042 1330 in
1065 1267 1271 1332 mundissima
1292 1269 1384 1353 pelvi,

291 1367 358 1431 sive
373 1368 514 1448 baccina,
530 1369 638 1456 sicque
664 1369 785 1434 lavabis
799 1369 876 1433 illud
891 1391 964 1433 cum
981 1369 1116 1455 pincello
1131 1369 1164 1432 in
1186 1370 1309 1434 concha
1322 1377 1385 1433 tes·

292 1469 409 1534 tudinis
424 1471 474 1536 vel
500 1472 657 1550 conchilii,
679 1493 751 1559 quae
770 1472 810 1535 de
834 1492 918 1557 aqua
940 1472 1068 1535 tollitur.
1113 1471 1240 1536 Deinde
1264 1472 1386 1537 habeas

293 1569 508 1636 molendinum
538 1593 612 1637 cum
642 1573 761 1660 pistillo
791 1594 861 1651 suo,
896 1581 1030 1659 utraque
1052 1572 1157 1636 fusilia
1186 1593 1226 1636 ex
1256 1573 1385 1654 metello

213 1677 214 1682 ’
292 1671 379 1756 cupri
402 1682 435 1736 et
455 1674 559 1760 stagni
581 1675 625 1740 ita
646 1676 831 1754 commixto,
849 1683 886 1738 ut
907 1683 971 1738 tres
993 1683 1099 1760 partes
1121 1673 1185 1738 sint
1206 1675 1294 1758 cupri
1316 1674 1385 1760 puri

293 1782 325 1836 et
348 1783 461 1858 quarta
485 1775 590 1862 stagni
620 1777 690 1864 puri
716 1799 737 1841 a
755 1777 897 1862 plumbo.
943 1775 1004 1840 His
1030 1775 1074 1838 ite
1100 1775 1286 1861 compositis
1315 1776 1386 1838 sun-

292 1875 386 1939 datur
409 1878 625 1942 molendinum
649 1878 691 1942 ad
715 1877 952 1942 similitudinem
975 1875 1160 1956 mortarioli,
1181 1886 1213 1940 et
1237 1877 1386 1962 pistillum

293 1977 361 2062 ejus
383 1975 467 2040 circa
490 1978 607 2043 serrum
630 1994 722 2067 quast
749 1979 862 2057 nodus,
877 1979 922 2041 ita
945 1987 982 2041 ut
1001 1978 1118 2042 sermm
1141 1977 1213 2041 inde
1235 1979 1388 2063 procedat

293 2078 506 2162 grossitudine
521 2081 613 2145 unius
629 2079 730 2166 digiti,
746 2088 779 2144 et
793 2080 989 2167 longitudine
1011 2079 1135 2144 modice
1149 2079 1283 2164 amplius
1298 2080 1387 2166 pedis

293 2178 412 2242 dimidii
423 2204 432 2259 3
456 2181 546 2267 cujus
562 2181 635 2246 ferri
657 2181 748 2246 tertia
771 2203 844 2267 pars
865 2181 1016 2268 infigatur
1029 2181 1117 2267 ligno
1139 2180 1305 2267 diligenter
1325 2189 1388 2246 tor-

294 2290 369 2344 nato
384 2282 426 2345 ad
448 2283 677 2368 longitudinem
692 2283 783 2369 quasi
804 2282 899 2346 unius
923 2283 1016 2362 ulnas,
1032 2293 1064 2347 et
1086 2282 1259 2347 rectissime
1274 2284 1388 2363 forato,

292 2382 326 2445 in
341 2384 432 2469 cujus
446 2382 584 2448 inferiori
599 2395 687 2470 parte
701 2394 808 2449 tamen
824 2406 844 2448 a
858 2385 921 2448 fine
936 2383 1133 2470 longitudine
1154 2393 1292 2469 quatuor
1305 2384 1388 2470 digi-

293 2493 409 2564 torum,
423 2484 465 2549 sit
489 2488 593 2550 rotula
617 2487 682 2551 sire
705 2487 813 2574 lignea
836 2485 902 2550 sire
928 2486 1077 2571 plumbea
1105 2487 1275 2564 tornatilis,
1298 2494 1331 2550 et
1355 2485 1389 2548 in

294 2587 397 2651 media
423 2595 512 2674 perte
535 2587 686 2674 superiori
708 2589 825 2674 ligatur
838 2587 974 2673 corrigia
988 2587 1053 2672 qud
1074 2587 1157 2651 trahi
1178 2596 1211 2651 et
1231 2587 1388 2652 volvendo

295 2689 409 2754 retrahi
424 2689 536 2774 possit.
583 2689 732 2754 Posthaec
747 2691 891 2754 mittatur
904 2689 1008 2775 ipsum
1027 2688 1243 2753 molendinum
1259 2689 1291 2752 in
1306 2689 1388 2753 sora-

295 2813 368 2855 men
384 2813 477 2876 super
500 2811 665 2855 scamnum
680 2792 800 2857 adhoc
822 2799 966 2878 aptatum
981 2790 1060 2856 inter
1082 2791 1162 2854 duas
1184 2790 1389 2854 columnellas

294 2893 415 2979 ligneas
440 2893 472 2955 in
501 2892 571 2976 ipso
593 2914 723 2957 scamno
747 2893 877 2957 firmiter
902 2893 994 2971 fixas,
1019 2915 1113 2978 super
1134 2913 1214 2979 quas
1240 2894 1282 2956 sit
1303 2891 1389 2956 aliud

293 2995 416 3080 lignum
431 2993 476 3057 eis
488 2993 651 3074 insertum,
661 2994 746 3079 quod
762 2995 863 3080 possit
878 2994 948 3080 ejici
964 3005 996 3057 et
1011 2995 1129 3080 reponi,
1139 2994 1172 3059 in
1181 2995 1271 3080 cujus
1283 2993 1389 3058 medio

297 3094 427 3159 inferius
458 3094 499 3158 sit
529 3093 671 3158 foramen
701 3095 733 3158 in
762 3118 826 3182 quo
854 3096 998 3160 volvatur
1027 3096 1177 3181 pistillum
1207 3095 1388 3159 molendini.

297 3195 357 3260 His
371 3196 415 3260 ita
430 3196 589 3283 dispositis
605 3197 748 3262 mittatur
769 3220 880 3280 aurum
895 3197 1062 3282 diligenter
1076 3207 1244 3283 purgatum
1266 3196 1298 3260 in
1320 3218 1389 3261 mo-

295 3299 467 3378 lendinum,
497 3298 606 3363 additu
635 3300 763 3364 modica
792 3300 886 3386 aqud,
916 3309 948 3364 et
977 3299 1125 3385 imposito
1155 3299 1271 3384 pistillo
1294 3307 1389 3385 atque

296 3401 447 3486 superiori
459 3401 545 3487 ligno
553 3409 701 3487 coaptato
710 3402 853 3466 trahatur
862 3402 997 3488 corrigia
1008 3410 1041 3465 et
1049 3401 1165 3466 revolvi
1180 3400 1388 3486 permittatur,

296 3525 482 3588 rursumque
496 3503 639 3566 trahatur
652 3513 685 3567 et
699 3505 811 3568 itemm
834 3505 1021 3582 revolvatur,
1037 3503 1145 3589 sicque
1166 3502 1224 3565 liat
1238 3525 1294 3588 per
1307 3504 1390 3568 duas

295 3603 345 3668 vel
360 3625 416 3688 per
429 3611 492 3667 tres
503 3603 608 3667 horas.
652 3591 743 3669 Tunc
766 3605 908 3692 superius
924 3605 1046 3692 lignum
1069 3605 1219 3690 ejiciatur,
1236 3613 1268 3667 et
1289 3605 1389 3690 pistil-

293 3703 360 3767 lum
372 3705 405 3767 in
416 3706 528 3769 eadem
538 3727 622 3792 aqua
633 3729 705 3772 cum
715 3709 850 3794 pincello
858 3707 988 3772 lavetur.
1034 3705 1161 3769 Deinde
1171 3705 1389 3771 molendinum

296 3806 444 3887 elevetur,
460 3816 492 3871 et
515 3830 626 3872 aurum
647 3831 719 3874 cum
732 3833 815 3897 aqua
829 3831 929 3896 usque
955 3807 995 3872 ad
1009 3807 1142 3871 fundum
1164 3827 1238 3870 cum
1252 3807 1389 3892 pincello

297 3915 460 3971 moveatur
475 3919 507 3973 et
518 3909 641 3975 modice
654 3919 808 3990 teneatur,
818 3911 921 3974 donec
930 3908 1016 3996 quod
1026 3907 1164 3994 grossius
1174 3917 1223 3971 est
1234 3907 1389 3989 resideat3

296 4029 435 4095 moxque
450 4031 534 4097 aqua
547 4011 580 4075 in
604 4013 842 4077 mundissimam
857 4010 1024 4074 buccinam
1042 4007 1233 4087 effundatur,
1247 4018 1280 4072 et
1301 4008 1390 4094 quic-

296 4110 373 4195 quid
394 4112 460 4176 auri
485 4135 558 4179 cum
583 4137 667 4202 aqua
691 4115 811 4194 exierit,
831 4113 975 4177 molitum
1001 4120 1059 4175 est.
1105 4110 1308 4196 Rursumque
1331 4111 1390 4174 im·

297 4213 401 4296 positia
430 4217 526 4301 aqud,
552 4218 758 4304 repositisque
787 4214 904 4302 pistillo
933 4224 966 4278 et
993 4234 1118 4276 sursum
1147 4211 1247 4298 ligno,
1277 4211 1390 4276 iterum
