3236 5144
629 505 819 548 rusorum
846 505 949 548 utana
972 505 1026 546 Ill.

641 745 1012 843 CAPUTIX.

399 982 444 1026 DE
467 981 708 1029 mensunusum
730 984 826 1034 Quon
849 981 1077 1028 ORGANABIUH
1101 979 1255 1025 melsun.

358 1133 408 1200 ST
422 1135 517 1198 etiam
530 1135 771 1200 instrumentum
783 1136 927 1215 ferreum,
939 1136 1026 1224 quod
1038 1137 1238 1222 organarium
1250 1135 1375 1213 dicitur,

379 1237 464 1324 quod
480 1247 607 1302 constat
621 1239 745 1302 duobus
760 1239 859 1317 ferris,
875 1261 938 1302 uno
953 1238 1094 1318 inferius,
1106 1239 1204 1302 altero
1215 1238 1373 1324 superius;

277 1341 332 1404 sed
346 1362 418 1425 pars
430 1339 556 1404 inferior
565 1340 663 1405 habet
678 1341 921 1426 grossitudinem
933 1350 965 1405 et
979 1341 1208 1426 longitudinem
1223 1341 1375 1426 longioris

278 1442 379 1527 digiti,
395 1451 428 1506 et
442 1451 491 1506 est
505 1443 733 1530 aliquantulum
756 1443 869 1522 tenuiS,
882 1442 1003 1505 habens
1025 1442 1089 1506 duo
1108 1442 1244 1520 hastilia,
1260 1441 1374 1528 quibus

276 1545 399 1630 lignum
415 1545 522 1630 figitur
544 1545 682 1624 inferius,
706 1567 801 1631 supra
822 1566 893 1632 quae
915 1543 945 1607 in
964 1544 1115 1630 superiori
1130 1553 1220 1630 parte
1235 1544 1375 1608 eminent

278 1648 342 1712 duo
357 1647 439 1712 clavi
454 1647 567 1733 grossi,
583 1648 637 1734 qui
651 1647 827 1733 suscipiunt
842 1646 1033 1732 superiorem
1051 1655 1171 1732 partem
1188 1647 1271 1727 ferri,
1286 1645 1373 1732 quod

277 1749 393 1815 ferrum
423 1749 521 1813 habet
550 1749 794 1836 grossitudinem
827 1759 859 1814 et
887 1749 1118 1836 longitudinem
1148 1747 1312 1827 inferioris
1342 1756 1375 1812 et

278 1851 375 1914 habet
396 1852 461 1914 duo
484 1851 649 1930 foramina,
673 1852 706 1914 in
731 1861 865 1938 utraque
888 1851 1070 1915 summitate
1093 1871 1202 1929 unum,
1225 1872 1281 1936 per
1302 1872 1374 1937 quas

277 1954 342 2017 duo
357 1951 452 2016 clavi¹
468 1954 643 2038 superiores
657 1953 857 2032 inducantur,
869 1963 905 2018 ut
919 1953 978 2018 sibi
993 1955 1236 2039 conjungantur.
1271 1953 1374 2018 Valde

277 2055 361 2119 enirn
384 2055 534 2140 conjungi
556 2055 675 2120 debent
697 2079 770 2120 cum
793 2057 888 2138 lima;
911 2057 944 2120 in
962 2057 1078 2144 quibus
1093 2057 1233 2142 utrisque
1247 2056 1373 2121 fodian-

275 2167 327 2222 tur
342 2157 479 2238 fossulae,
493 2157 537 2220 ita
553 2167 588 2221 ut
609 2180 664 2244 per
679 2159 818 2222 medium
833 2170 1006 2246 appareant
1021 2159 1187 2240 foramina,
1201 2170 1238 2222 ut
1252 2181 1325 2224 cum
1340 2160 1374 2222 in

277 2260 389 2346 majori
404 2268 568 2346 argentum
584 2261 633 2324 vel
657 2282 768 2324 aurum
791 2261 925 2326 mittitur
946 2263 1077 2348 longum
1099 2271 1132 2328 et
1145 2263 1307 2348 aequaliter
1324 2284 1373 2327 ro·

277 2362 410 2426 tondum
433 2384 626 2448 percussum,
650 2363 779 2428 feriatur
800 2365 941 2451 superior
965 2387 1038 2451 pars
1061 2365 1134 2429 ferri
1155 2365 1278 2430 fortiter
1299 2388 1372 2430 oum

276 2465 391 2529 malleo
407 2487 533 2545 corneo,
549 2465 696 2530 etaltera
710 2488 806 2530 manu
823 2476 941 2560 rotetur
956 2490 1068 2532 aumm
1084 2469 1132 2533 vel
1148 2478 1326 2554 argentum,
1341 2477 1374 2531 et

277 2567 356 2631 fiant
381 2590 479 2654 gana
506 2569 642 2634 rotunda
664 2569 746 2633 sicut
771 2569 863 2650 fabas,
889 2571 923 2634 in
949 2571 1093 2658 sequenti
1119 2570 1272 2635 foramine
1294 2571 1374 2634 fiant

277 2671 367 2756 quasi
382 2671 461 2756 pisa,
476 2671 508 2736 in
524 2672 616 2737 tertio
632 2674 723 2760 quasi
740 2674 850 2752 lentes,
867 2675 958 2739 etsie
974 2675 1105 2738 minora.

578 2999 900 3010 —------—.-—-——-
910 3001 1073 3008 -ffl

660 3247 888 3343 CAPUT
937 3251 992 3344 X.

578 3475 624 3516 DE
647 3476 741 3518 ulnus
766 3475 925 3519 INFERIUS
950 3477 1068 3519 Possm.

356 3638 468 3703 IUNT
490 3641 586 3704 etiam
610 3640 681 3704 ferri
703 3643 835 3726 graciles
857 3651 892 3705 ut
913 3645 1045 3722 festuca,
1067 3645 1264 3730 longitudine
1281 3647 1372 3710 unius

376 3741 476 3826 digiti,
491 3743 622 3828 quadri;
645 3743 701 3807 sed
716 3743 749 3805 in
763 3765 828 3808 uno
839 3745 936 3808 latere
951 3745 1087 3824 latiores,
1099 3768 1233 3832 quorum
1250 3748 1371 3827 oaudae,

278 3845 311 3909 in
333 3844 448 3932 quibus
470 3844 635 3908 manubria
657 3855 826 3931 ponuntur,
849 3858 923 3910 sunt
944 3869 1070 3912 sursum
1092 3869 1214 3929 eurvae;
1240 3849 1372 3914 inferius

278 3956 383 4012 autern
409 3969 464 4031 per
486 3947 715 4034 longitudinem
738 3957 787 4012 est
807 3958 926 4014 tractus
952 3950 1056 4015 fossus
1077 3958 1109 4014 et
1131 3951 1257 4015 limatus
1280 3953 1371 4038 quasi

278 4051 394 4130 sulcus,
409 4061 494 4115 etex
510 4059 642 4136 utraque
654 4059 741 4136 parte
756 4054 824 4137 ejus
839 4063 913 4116 sunt
926 4061 1023 4117 costae
1034 4062 1135 4118 acutae
1146 4049 1270 4119 limatae.
1309 4054 1371 4120 His

276 4153 366 4218 ferris
381 4153 529 4216 limantur
543 4152 597 4216 fila
611 4174 707 4218 aurea
729 4162 761 4218 et
779 4165 929 4240 argentea
947 4177 1058 4241 grossa
1073 4164 1105 4220 et
1126 4156 1261 4236 subtilia,
1276 4157 1321 4221 ita
1335 4167 1371 4221 ut

277 4257 310 4320 in
326 4258 370 4320 eis
385 4278 483 4342 grana
489 4265 682 4342 appareant.

659 4411 666 4442 ¹
685 4415 700 4441 “
709 4413 858 4462 inferioresl'
894 4417 988 4465 Troml.
