3140 5152
334 517 398 580 358
684 537 877 582 rnaoenrar
902 537 1006 582 arasa
1030 539 1084 582 ιιι.

335 688 480 774 desuper,
498 699 530 752 et
551 691 678 775 cooperi
699 691 818 775 argillis.
864 690 1018 777 Dumque
1038 689 1130 754 tertio
1152 690 1263 773 argilla
1286 711 1346 776 per
1369 711 1443 754 om-

336 789 388 852 nia
409 790 502 854 luerit
523 793 651 870 siccata,
675 793 879 879 circumpone
900 793 1018 856 ferreos
1038 793 1171 856 circulos
1192 801 1259 855 tam
1275 793 1391 870 dense,
1407 803 1444 855 ut

335 915 399 956 non
416 895 485 978 plus
501 895 581 957 inter
595 896 675 958 duos
694 897 826 960 circulos
841 917 937 982 quam
953 895 1087 959 latitudo
1102 917 1226 974 marrus,
1242 897 1363 982 quibus
1380 897 1443 959 cir·

335 993 412 1058 culis
426 995 507 1058 duas
521 997 649 1082 argillae
664 1019 852 1084 superpone.
893 997 1018 1073 Quibus
1033 997 1158 1060 siccatis
1169 1007 1321 1061 converte
1335 999 1443 1084 ipsam

337 1097 469 1161 sormam
486 1099 517 1161 in
533 1101 625 1178 latus,
640 1111 672 1162 ct
690 1100 720 1162 iu
737 1101 876 1164 interiori
891 1101 1014 1184 argilla,
1029 1099 1132 1163 incide
1147 1099 1267 1164 fossam
1285 1122 1442 1186 magnam

337 1199 367 1262 in
384 1199 515 1264 circuitu
531 1201 608 1266 etin
626 1203 793 1287 profundo,
808 1215 843 1266 ut
859 1224 923 1266 uon
940 1211 1101 1266 remancat
1116 1203 1248 1288 spissior
1264 1225 1332 1266 uno
1349 1205 1443 1288 pede,
1551 1219 1552 1222 ’

337 1303 412 1387 quia
434 1304 459 1366 si
483 1305 604 1390 integra
626 1315 709 1368 esset
732 1305 833 1368 sonna
856 1305 996 1384 interius,
1017 1327 1081 1391 prae
1101 1304 1199 1368 nimio
1215 1306 1361 1392 pondere
1379 1327 1444 1369 non

339 1406 437 1490 possit
452 1407 558 1486 levari,
575 1429 615 1472 ne
631 1427 694 1492 pra
709 1407 910 1492 spissitudine
926 1407 1118 1494 transcoqui.

389 1997 512 2062 Deinde
525 2000 575 2066 sac
587 2003 713 2066 foveam
725 2005 757 2067 in
772 2005 843 2068 loco
856 2003 909 2067 ubi
922 2003 1056 2068 volueris
1067 2003 1170 2088 ipsam
1181 2001 1320 2065 sennam
1332 1999 1442 2064 subiu-

341 2111 423 2164 trare
438 2103 478 2164 ad
495 2107 740 2190 recoquendum,
757 2108 947 2192 profundam
962 2105 1138 2170 secundum
1153 2102 1356 2168 altitudinem
1373 2105 1444 2190 ejus

342 2203 371 2266 in
384 2204 557 2284 latitudine,
569 2215 684 2272 etcum
698 2210 853 2296 lapidibus
864 2219 960 2296 atque
971 2208 1081 2294 argillis
1090 2208 1140 2272 fac
1155 2207 1187 2270 in
1198 2206 1443 2270 similitudinem

344 2309 550 2390 fundamenti,
566 2311 678 2396 pedem
692 2313 816 2394 fortem,
836 2335 932 2400 supra
942 2335 1037 2400 quern
1049 2314 1151 2377 forma
1166 2309 1264 2374 stabit
1273 2311 1444 2374 altitudine

343 2412 435 2476 unius
447 2412 545 2498 pedis,
561 2414 605 2478 ita
618 2424 652 2478 ut
664 2416 696 2478 in
708 2417 812 2481 medio
824 2417 905 2480 ultra
918 2416 1104 2480 indirectum
1118 2422 1290 2492 remaneat,
1302 2414 1445 2499 spatium

342 2515 434 2602 quasi
449 2516 510 2596 ria,
527 2517 606 2602 pede
621 2527 653 2582 ct
667 2519 798 2583 dimidio
814 2520 889 2600 lata,
904 2519 935 2580 in
951 2540 1015 2605 qua
1030 2517 1139 2580 ardeat
1154 2515 1237 2602 ignis
1251 2516 1312 2580 sub
1330 2517 1445 2580 forma.

344 2617 419 2694 Quo
434 2620 519 2684 facto
534 2623 660 2708 conlige
675 2632 811 2709 quatuor
824 2622 911 2708 ligna
925 2640 1050 2686 sursum
1066 2617 1269 2704 procedentia
1284 2639 1389 2704 usque
1404 2619 1445 2682 ad
1550 2667 1551 2670 η

343 2723 555 2808 equalitatem
570 2733 670 2803 terrae,
680 2725 775 2810 juxta
789 2724 891 2810 ipsum
908 2723 1032 2810 pedem,
1047 2732 1080 2787 et
1094 2720 1201 2785 statim
1216 2721 1300 2806 reple
1317 2721 1446 2785 foveam

343 2833 435 2888 terra.
481 2824 657 2914 Statimque
679 2826 819 2892 deduces
841 2827 942 2913 ipsam
965 2827 1101 2890 formam
1123 2833 1155 2888 et
1176 2833 1298 2887 statues
1317 2845 1393 2886 eam
1414 2823 1447 2886 in

346 2928 450 2991 medio
468 2929 626 3014 lignorum
648 2932 772 2994 illorum
796 2931 960 3018 aequaliter
980 2939 1012 2994 et
1033 2951 1073 2992 ex
1096 2948 1162 2990 uua
1179 2935 1279 3012 parte,
1297 2927 1359 2990 snb
1375 2927 1448 3012 ipsa

347 3029 458 3110 forma,
472 3031 575 3116 incipe
590 3043 704 3096 terram
721 3034 843 3119 ejicere.
888 3031 1035 3119 Cumque
1050 3053 1084 3096 se
1100 3027 1304 3106 inclinaverit,
1321 3027 1400 3092 fode
1416 3031 1448 3092 in

345 3143 433 3220 parte
456 3134 563 3212 altera,
581 3133 684 3200 donec
707 3157 741 3199 se
764 3157 885 3199 rursum
908 3135 969 3199 illic
992 3133 1130 3211 inclinet,
1152 3132 1259 3217 sicque
1282 3129 1383 3196 facies
1407 3153 1447 3195 ex

346 3246 478 3324 utraque
499 3247 588 3324 parte
609 3261 774 3326 quousque
794 3239 896 3304 forma
918 3259 1012 3326 super
1032 3237 1147 3324 pedem
1162 3235 1319 3321 lapideum
1335 3257 1448 3322 mqua-

346 3341 416 3405 liter
430 3341 547 3406 sedeat.
594 3341 676 3406 Mox
698 3342 807 3430 ejectis
829 3341 933 3427 lignis,
956 3363 1027 3427 quas
1048 3339 1089 3403 ad
1112 3338 1173 3402 lroc
1193 3337 1296 3401 solum
1315 3339 1448 3402 coulixa

346 3444 471 3523 fuerint,
502 3453 536 3506 ut
564 3443 698 3507 formam
729 3449 812 3510 recte
841 3442 1044 3520 deducerent,
1079 3440 1314 3526 assumptisque
1342 3441 1449 3526 lapid-

345 3547 416 3610 ibus
443 3545 496 3631 qui
518 3545 680 3610 flammam
705 3547 829 3632 possint
851 3545 1005 3610 sustinere
1027 3556 1123 3630 atque
1145 3543 1256 3630 argillis
1281 3543 1332 3606 fac
1355 3565 1447 3607 oram

346 3668 387 3710 ex
417 3655 548 3732 utraque
578 3657 667 3731 parte
703 3658 777 3712 ante
812 3648 887 3712 illud
918 3648 1056 3732 spatium
1087 3647 1156 3725 riae,
1186 3667 1284 3733 quam
1312 3645 1347 3708 in
1378 3667 1449 3708 me-

347 3747 400 3812 dio
436 3747 526 3832 pedis
557 3749 717 3836 reliquisti,
747 3760 842 3837 atque
880 3751 912 3813 in
949 3749 1080 3814 circuitu
1110 3769 1240 3834 operare
1269 3747 1448 3824 fornacem,

346 3849 450 3936 spatio
478 3849 599 3914 dimidii
627 3853 716 3938 pedis
746 3875 765 3916 a
794 3853 906 3916 forma.
952 3851 1098 3938 Cumque
1134 3850 1297 3935 operando
1336 3871 1449 3934 perve-

347 3953 429 4019 neris
452 3953 492 4016 ad
513 3953 651 4018 medium
675 3955 795 4034 formae,
818 3977 919 4041 purga
937 3977 1025 4020 oram
1045 3953 1194 4032 fornacis,
1216 3952 1299 4016 etin
1321 3973 1381 4015 ora
1403 3954 1450 4038 ip-

347 4058 410 4122 sius
433 4057 542 4120 lornrae
566 4077 606 4120 cx
631 4067 764 4144 utraque
790 4069 878 4144 parte
902 4059 952 4122 fac
977 4077 1075 4120 unum
1102 4056 1256 4133 foramen,
1279 4073 1335 4138 per
1358 4056 1449 4140 quod

347 4161 446 4245 adeps
471 4159 570 4244 possit
602 4159 739 4238 effluere,
768 4161 1001 4247 suppositisque
1030 4159 1124 4238 vasis,
1161 4157 1266 4242 ignem
1297 4165 1330 4218 et
1362 4156 1451 4221 sicca

346 4265 432 4350 ligna
447 4259 573 4326 adhibe.
619 4260 757 4324 Etcum
780 4263 933 4328 calefacti
956 4263 1058 4327 formis
1078 4261 1208 4346 coeperit
1227 4259 1327 4344 adeps
1350 4259 1451 4337 exire,

347 4367 460 4452 pertice
483 4363 563 4448 pede
586 4373 743 4448 tepentem
767 4364 926 4430 fornacem
951 4387 1051 4452 usque
1078 4365 1118 4429 ad
1142 4383 1301 4428 summum
1324 4359 1452 4440 formae,

346 4481 377 4530 et
392 4489 485 4552 super·
501 4491 536 4530 os
553 4489 651 4552 pones
667 4469 848 4553 operculum
860 4491 899 4530 ex
916 4468 1025 4552 argilla
1043 4468 1108 4531 sive
1123 4489 1163 4530 ex
1180 4465 1270 4530 ferro.
1319 4463 1454 4528 Educto
