3140 5152
284 421 348 486 348
638 445 830 490 resonatur
855 445 960 490 urens
982 448 1034 492 ιιι.

283 593 425 680 superius
446 595 501 674 ita,
524 605 560 658 ut
580 617 651 660 cum
679 597 793 684 lingua
817 599 1020 662 cantantibus
1045 597 1173 684 organis
1194 597 1390 676 educuntur,

284 717 348 760 non
372 696 495 780 penitus
519 698 734 765 extrahantur.
781 699 840 764 His
866 701 910 764 ita
935 699 1098 786 dispositis
1122 699 1392 786 conglutinentur

284 797 352 860 baec
377 799 442 861 duo
468 798 563 886 ligna,
589 823 661 888 ques
685 802 817 868 domum
848 825 1039 891 organorum
1066 803 1239 867 conficiunt
1265 803 1391 888 glutine

284 900 386 979 casei;
408 901 523 966 deinde
545 913 649 988 partes
672 905 731 968 illoe
754 929 825 993 quae
845 927 939 992 super
961 906 1085 992 linguas
1107 913 1182 970 sunt
1197 906 1331 990 juncta,
1355 905 1391 965 in

284 1002 399 1088 quibus
415 1004 568 1070 foramina
583 1017 679 1086 stant,
700 1009 808 1096 sicque
826 1009 1090 1073 circumcidantur
1107 1007 1275 1092 diligenter
1289 1018 1323 1072 et
1338 1029 1393 1070 ra-

285 1103 410 1168 dantur.

527 1661 769 1759 CAPUT
831 1661 1144 1758 LXXXIII.

681 1901 726 1942 DE
749 1898 995 1944 CONFLA'I'ORIO.

360 2043 699 2110 ONFLATORIUM
725 2047 875 2124 facturus,
898 2047 1058 2132 conjunge
1080 2045 1137 2108 tibi
1158 2045 1222 2109 duo
1242 2044 1330 2132 ligna
1348 2046 1390 2109 de

404 2151 532 2236 platano
548 2149 644 2214 modo
667 2171 731 2236 qno
751 2171 856 2236 supra,
876 2148 1072 2234 longitudine
1087 2149 1175 2234 pedis
1190 2149 1292 2228 unius,
1307 2171 1391 2235 quo-

289 2275 358 2317 rum
374 2252 416 2316 sit
429 2273 493 2316 une
514 2252 619 2338 palma
641 2251 788 2337 spissum,
810 2253 943 2316 alterum
965 2251 1064 2315 tribus
1082 2251 1199 2338 digitis,
1214 2250 1341 2336 siutque
1354 2251 1389 2312 in

289 2375 353 2418 una
376 2355 478 2418 fronte
502 2352 637 2418 rotunda
660 2355 692 2416 in
714 2354 845 2417 modum
866 2353 958 2431 scuti,
980 2364 1013 2417 et
1034 2353 1079 2418 ibi
1102 2353 1182 2440 pede
1203 2363 1236 2416 et
1255 2349 1389 2414 dimidio

290 2459 370 2536 leta;
398 2457 430 2522 in
455 2457 553 2520 altera
576 2455 678 2520 fronte
702 2455 826 2534 obtusa,
852 2455 1018 2520 latitudine
1041 2457 1133 2521 unius
1154 2454 1260 2542 pmmi.
1306 2451 1389 2526 Qua

290 2581 363 2624 cnm
383 2559 551 2645 diligenter
573 2559 743 2645 conjuncta
765 2557 881 2622 lirerint
902 2558 1006 2622 incide
1028 2558 1060 2621 in
1083 2557 1222 2643 spissIori
1244 2555 1332 2641 ligno
1355 2555 1388 2617 in

291 2662 425 2728 rotunda
451 2662 553 2726 fronte
576 2661 732 2726 foramina
753 2663 839 2748 quod
859 2662 1005 2740 volueris,
1026 2661 1199 2726 secundum
1222 2679 1387 2722 numerum

291 2765 423 2842 follium,
446 2773 478 2828 et
498 2763 531 2828 iu
551 2765 664 2829 obtusa
687 2763 790 2828 fronte
809 2785 917 2841 unum,
938 2763 1025 2849 quod
1047 2763 1088 2828 sit
1102 2765 1215 2848 majus,
1262 2760 1389 2826 Deinde

290 2865 394 2930 incide
410 2867 452 2930 ab
472 2889 662 2954 unoquoque
682 2866 836 2930 foramine
854 2865 972 2930 fossam
995 2887 1092 2929 uuam
1110 2865 1270 2930 deductim
1286 2885 1388 2950 usque

291 2968 333 3031 ad
345 2969 459 3053 majus,
472 2990 527 3054 per
538 2989 618 3055 ques
629 2969 711 3033 viam
725 2969 825 3054 possit
838 2969 953 3033 habere
964 2979 1077 3032 ventus
1088 2968 1238 3032 flantibus
1251 2967 1387 3032 follibus.

293 3071 406 3158 Sicque
425 3071 659 3156 conglutinabis
679 3071 748 3158 ipsa
768 3073 854 3158 ligna
873 3072 993 3157 glutine
1013 3071 1106 3149 caseI,
1127 3081 1159 3134 et
1176 3069 1387 3134 circumdabis

293 3197 399 3262 panno
420 3175 502 3238 lineo
521 3197 605 3238 novo
628 3185 660 3239 et
682 3175 766 3254 forti,
783 3197 878 3263 quem
900 3175 991 3238 linies
1013 3173 1125 3238 eodem
1146 3169 1265 3258 glutine
1279 3184 1314 3237 ut
1329 3173 1387 3236 ad·

292 3279 420 3356 haereat,
436 3277 534 3342 facies
555 3301 682 3366 quoque
705 3279 856 3366 ligaturas
876 3279 991 3341 ferreas
1010 3277 1117 3354 sortes,
1136 3277 1264 3354 interius
1286 3286 1318 3340 et
1332 3299 1387 3340 ex-

292 3381 387 3444 terius
413 3381 706 3467 circumstagnatas‚
730 3403 770 3445 ne
793 3381 914 3468 possint
930 3404 969 3444 ex
991 3381 1121 3466 tignea¹
1146 3379 1284 3455 dissolvi,
1306 3400 1388 3464 quas

293 3484 435 3568 configes
458 3481 555 3546 clavis
578 3483 681 3566 longis
703 3485 847 3568 capitatis
870 3493 965 3570 atquc
988 3483 1153 3568 stagnatis,
1185 3483 1229 3545 ita
1251 3493 1286 3544 ut
1306 3483 1389 3544 inter

293 3585 357 3647 duo
370 3584 524 3648 foramina
535 3585 669 3669 ligatura
680 3586 730 3663 sit,
742 3608 812 3671 quae
828 3587 1075 3671 comprehendat
1086 3597 1252 3670 utrumque
1267 3583 1388 3668 lignum

294 3707 314 3748 a
328 3685 469 3768 superins
480 3684 577 3748 latere
589 3687 739 3773 usquead
752 3688 889 3752 inferius.
922 3688 1047 3753 Deinde
1060 3689 1186 3776 acquire
1199 3687 1254 3752 b'bi
1267 3689 1387 3772 lignum

295 3809 423 3851 curvum
438 3786 478 3852 de
493 3809 621 3873 quercu,
637 3811 748 3854 senum
765 3802 798 3855 et
812 3791 902 3870 sorte,
919 3792 1004 3878 quod
1021 3791 1137 3856 babeat
1148 3792 1179 3855 in
1195 3813 1258 3855 una
1274 3777 1389 3868 fronte,

294 3914 314 3956 a
329 3899 496 3957 curvatura
510 3892 740 3978 longitudinem
754 3895 842 3980 pedis
857 3897 960 3975 unius,
979 3897 1011 3958 in
1027 3896 1126 3959 altera
1140 3895 1284 3971 duorum,
1299 3894 1388 3980 quod

294 3993 467 4080 perforabis
491 3995 523 4060 in
553 4005 686 4084 utraque
714 3998 816 4062 fronte
846 3999 969 4063 terebro
995 4021 1123 4086 magno,
1153 4022 1218 4086 quo
1248 3999 1391 4062 forantur

295 4099 420 4164 medioli
435 4099 468 4162 in
489 4101 566 4166 rotis
586 4101 689 4166 aratri
736 4101 799 4164 Sed
820 4101 896 4188 quia
918 4101 1072 4166 foramine
1094 4125 1158 4166 non
1181 4112 1315 4189 possunt
1328 4099 1390 4164 sibi

295 4201 421 4266 obviare
448 4213 574 4288 propter
604 4213 814 4282 curvaturam,
846 4203 896 4268 fac
926 4205 981 4269 tibi
1012 4205 1126 4270 ferrum
1157 4203 1242 4290 quod
1272 4201 1391 4266 babeat

664 4387 669 4416 ¹
688 4403 717 4434 ex
730 4387 840 4450 tigmrial
861 4391 929 4448 quusi
940 4407 1013 4453 opera.
