<?xml version="1.0" encoding="UTF-8"?>
<!DOCTYPE html PUBLIC "-//W3C//DTD XHTML 1.0 Transitional//EN"
    "http://www.w3.org/TR/xhtml1/DTD/xhtml1-transitional.dtd">
<html xmlns="http://www.w3.org/1999/xhtml" xml:lang="en" lang="en">
 <head>
  <title>
</title>
<meta http-equiv="Content-Type" content="text/html;charset=utf-8" />
  <meta name='ocr-system' content='tesseract 3.04.00' />
  <meta name='ocr-capabilities' content='ocr_page ocr_carea ocr_par ocr_line ocrx_word'/>
</head>
<body>
  <div class='ocr_page' id='page_1' title='image "./theophiliquietr00hendgoog_0394.png"; bbox 0 0 3140 5152; ppageno 0'>
   <div class='ocr_carea' id='block_1_1' title="bbox 283 403 1032 468">
    <p class='ocr_par' dir='ltr' id='par_1_1' title="bbox 283 403 1032 468">
     <span class='ocr_line' id='line_1_1' title="bbox 283 403 1032 468; baseline -0.003 -2"><span class='ocrx_word' id='word_1_1' title='bbox 283 403 348 466; x_wconf 78' lang='lat'>328</span> <span class='ocrx_word' id='word_1_2' title='bbox 391 405 398 416; x_wconf 85' lang='lat'>&#39;</span> <span class='ocrx_word' id='word_1_3' title='bbox 635 415 827 468; x_wconf 72' lang='lat' dir='ltr'>rasorum</span> <span class='ocrx_word' id='word_1_4' title='bbox 851 421 957 466; x_wconf 74' lang='lat' dir='ltr'>usne</span> <span class='ocrx_word' id='word_1_5' title='bbox 979 422 1032 466; x_wconf 89' lang='lat'>111.</span> 
     </span>
    </p>
   </div>
   <div class='ocr_carea' id='block_1_2' title="bbox 283 572 1447 2808">
    <p class='ocr_par' dir='ltr' id='par_1_2' title="bbox 283 572 1447 2808">
     <span class='ocr_line' id='line_1_2' title="bbox 283 572 1398 661; baseline -0.005 -23"><span class='ocrx_word' id='word_1_6' title='bbox 283 575 444 659; x_wconf 83' lang='lat' dir='ltr'>cooperies</span> <span class='ocrx_word' id='word_1_7' title='bbox 464 595 558 638; x_wconf 90' lang='lat' dir='ltr'>omne</span> <span class='ocrx_word' id='word_1_8' title='bbox 580 583 747 660; x_wconf 84' lang='lat' dir='ltr'>argentum</span> <span class='ocrx_word' id='word_1_9' title='bbox 763 575 850 661; x_wconf 90' lang='lat' dir='ltr'>quod</span> <span class='ocrx_word' id='word_1_10' title='bbox 869 575 1007 638; x_wconf 86' lang='lat' dir='ltr'>volueris</span> <span class='ocrx_word' id='word_1_11' title='bbox 1022 581 1057 636; x_wconf 90' lang='lat' dir='ltr'>ut</span> <span class='ocrx_word' id='word_1_12' title='bbox 1074 572 1183 637; x_wconf 83' lang='lat' dir='ltr'>elbum</span> <span class='ocrx_word' id='word_1_13' title='bbox 1207 575 1398 646; x_wconf 74' lang='lat' dir='ltr'>remaneat,</span> 
     </span>
     <span class='ocr_line' id='line_1_3' title="bbox 283 671 1447 762; baseline -0.005 -22"><span class='ocrx_word' id='word_1_14' title='bbox 283 685 316 740; x_wconf 92' lang='lat' dir='ltr'>et</span> <span class='ocrx_word' id='word_1_15' title='bbox 335 676 421 762; x_wconf 87' lang='lat' dir='ltr'>quod</span> <span class='ocrx_word' id='word_1_16' title='bbox 443 676 659 740; x_wconf 74' lang='lat' dir='ltr'>deaurandum</span> <span class='ocrx_word' id='word_1_17' title='bbox 673 685 733 756; x_wconf 74' lang='lat' dir='ltr'>est,</span> <span class='ocrx_word' id='word_1_18' title='bbox 754 685 882 740; x_wconf 76' lang='lat' dir='ltr'>manent</span> <span class='ocrx_word' id='word_1_19' title='bbox 902 677 1066 740; x_wconf 89' lang='lat' dir='ltr'>intectum.</span> <span class='ocrx_word' id='word_1_20' title='bbox 1112 674 1210 750; x_wconf 89' lang='lat' dir='ltr'>Quod</span> <span class='ocrx_word' id='word_1_21' title='bbox 1233 693 1311 738; x_wconf 89' lang='lat' dir='ltr'>cum</span> <span class='ocrx_word' id='word_1_22' title='bbox 1328 671 1396 734; x_wconf 85' lang='lat' dir='ltr'>sic·</span> <span class='ocrx_word' id='word_1_23' title='bbox 1444 695 1447 698; x_wconf 62' lang='grc'>’</span> 
     </span>
     <span class='ocr_line' id='line_1_4' title="bbox 283 773 1395 864; baseline -0.004 -24"><span class='ocrx_word' id='word_1_24' title='bbox 283 775 403 840; x_wconf 80' lang='lat' dir='ltr'>cereris</span> <span class='ocrx_word' id='word_1_25' title='bbox 426 797 522 864; x_wconf 90' lang='lat' dir='ltr'>super</span> <span class='ocrx_word' id='word_1_26' title='bbox 541 800 667 864; x_wconf 83' lang='lat' dir='ltr'>prunas,</span> <span class='ocrx_word' id='word_1_27' title='bbox 693 777 860 844; x_wconf 74' lang='lat' dir='ltr'>deaurabis</span> <span class='ocrx_word' id='word_1_28' title='bbox 884 778 956 842; x_wconf 83' lang='lat' dir='ltr'>locs</span> <span class='ocrx_word' id='word_1_29' title='bbox 980 777 1107 864; x_wconf 82' lang='lat' dir='ltr'>singule</span> <span class='ocrx_word' id='word_1_30' title='bbox 1128 777 1301 863; x_wconf 78' lang='lat' dir='ltr'>diligenter</span> <span class='ocrx_word' id='word_1_31' title='bbox 1321 773 1395 837; x_wconf 89' lang='lat' dir='ltr'>sine</span> 
     </span>
     <span class='ocr_line' id='line_1_5' title="bbox 284 875 1394 967; baseline -0.005 -25"><span class='ocrx_word' id='word_1_32' title='bbox 284 899 379 964; x_wconf 74' lang='lat' dir='ltr'>equs,</span> <span class='ocrx_word' id='word_1_33' title='bbox 404 877 619 967; x_wconf 81' lang='lat' dir='ltr'>deaureteque</span> <span class='ocrx_word' id='word_1_34' title='bbox 640 879 783 945; x_wconf 83' lang='lat' dir='ltr'>lsrsbis¹</span> <span class='ocrx_word' id='word_1_35' title='bbox 811 889 844 944; x_wconf 89' lang='lat' dir='ltr'>et</span> <span class='ocrx_word' id='word_1_36' title='bbox 865 881 964 967; x_wconf 82' lang='lat' dir='ltr'>polite</span> <span class='ocrx_word' id='word_1_37' title='bbox 985 879 1186 944; x_wconf 84' lang='lat' dir='ltr'>incolorebis.</span> <span class='ocrx_word' id='word_1_38' title='bbox 1257 875 1394 939; x_wconf 83' lang='lat' dir='ltr'>Deinde</span> 
     </span>
     <span class='ocr_line' id='line_1_6' title="bbox 284 981 1394 1070; baseline -0.003 -26"><span class='ocrx_word' id='word_1_39' title='bbox 284 1001 358 1044; x_wconf 90' lang='lat' dir='ltr'>cum</span> <span class='ocrx_word' id='word_1_40' title='bbox 373 981 562 1047; x_wconf 79' lang='lat' dir='ltr'>carbonibus</span> <span class='ocrx_word' id='word_1_41' title='bbox 576 983 734 1048; x_wconf 82' lang='lat' dir='ltr'><strong>subtiliter</strong></span> <span class='ocrx_word' id='word_1_42' title='bbox 746 982 828 1048; x_wconf 83' lang='lat' dir='ltr'>tritis</span> <span class='ocrx_word' id='word_1_43' title='bbox 843 993 876 1048; x_wconf 86' lang='lat' dir='ltr'>et</span> <span class='ocrx_word' id='word_1_44' title='bbox 890 983 985 1070; x_wconf 87' lang='lat' dir='ltr'>lignis</span> <span class='ocrx_word' id='word_1_45' title='bbox 996 981 1213 1068; x_wconf 76' lang='lat' dir='ltr'>gracilioribus</span> <span class='ocrx_word' id='word_1_46' title='bbox 1227 988 1262 1044; x_wconf 91' lang='lat' dir='ltr'>et</span> <span class='ocrx_word' id='word_1_47' title='bbox 1276 999 1394 1065; x_wconf 81' lang='lat' dir='ltr'>gross-</span> 
     </span>
     <span class='ocr_line' id='line_1_7' title="bbox 285 1079 1393 1174; baseline -0.002 -28"><span class='ocrx_word' id='word_1_48' title='bbox 285 1082 404 1148; x_wconf 88' lang='lat' dir='ltr'>ioribus</span> <span class='ocrx_word' id='word_1_49' title='bbox 423 1083 552 1150; x_wconf 84' lang='lat' dir='ltr'>fricsbis</span> <span class='ocrx_word' id='word_1_50' title='bbox 571 1084 747 1172; x_wconf 75' lang='lat' dir='ltr'>diligenter,</span> <span class='ocrx_word' id='word_1_51' title='bbox 769 1107 869 1174; x_wconf 88' lang='lat' dir='ltr'>usque</span> <span class='ocrx_word' id='word_1_52' title='bbox 888 1107 943 1172; x_wconf 90' lang='lat' dir='ltr'>per</span> <span class='ocrx_word' id='word_1_53' title='bbox 966 1085 1074 1149; x_wconf 82' lang='lat' dir='ltr'>omnia</span> <span class='ocrx_word' id='word_1_54' title='bbox 1088 1105 1178 1171; x_wconf 81' lang='lat' dir='ltr'>reque</span> <span class='ocrx_word' id='word_1_55' title='bbox 1192 1083 1318 1147; x_wconf 79' lang='lat' dir='ltr'>clerum</span> <span class='ocrx_word' id='word_1_56' title='bbox 1335 1079 1393 1144; x_wconf 90' lang='lat' dir='ltr'>sit.</span> 
     </span>
     <span class='ocr_line' id='line_1_8' title="bbox 289 1183 1396 1274; baseline -0.003 -26"><span class='ocrx_word' id='word_1_57' title='bbox 289 1183 370 1250; x_wconf 82' lang='lat' dir='ltr'>Post</span> <span class='ocrx_word' id='word_1_58' title='bbox 383 1185 450 1250; x_wconf 79' lang='lat' dir='ltr'>hoec</span> <span class='ocrx_word' id='word_1_59' title='bbox 465 1187 544 1252; x_wconf 89' lang='lat' dir='ltr'>etin</span> <span class='ocrx_word' id='word_1_60' title='bbox 559 1208 636 1251; x_wconf 84' lang='lat' dir='ltr'>suro</span> <span class='ocrx_word' id='word_1_61' title='bbox 651 1195 683 1252; x_wconf 91' lang='lat' dir='ltr'>et</span> <span class='ocrx_word' id='word_1_62' title='bbox 698 1187 729 1250; x_wconf 89' lang='lat' dir='ltr'>in</span> <span class='ocrx_word' id='word_1_63' title='bbox 745 1195 879 1274; x_wconf 80' lang='lat' dir='ltr'>urgento</span> <span class='ocrx_word' id='word_1_64' title='bbox 893 1188 945 1251; x_wconf 83' lang='lat' dir='ltr'>fec</span> <span class='ocrx_word' id='word_1_65' title='bbox 959 1187 1091 1252; x_wconf 87' lang='lat' dir='ltr'>subtiles</span> <span class='ocrx_word' id='word_1_66' title='bbox 1106 1195 1237 1264; x_wconf 81' lang='lat' dir='ltr'>tructus,</span> <span class='ocrx_word' id='word_1_67' title='bbox 1256 1205 1343 1272; x_wconf 89' lang='lat' dir='ltr'>quos</span> <span class='ocrx_word' id='word_1_68' title='bbox 1358 1189 1396 1246; x_wconf 89' lang='lat' dir='ltr'>et</span> 
     </span>
     <span class='ocr_line' id='line_1_9' title="bbox 287 1287 1392 1375; baseline -0.003 -24"><span class='ocrx_word' id='word_1_69' title='bbox 287 1287 433 1354; x_wconf 80' lang='lat' dir='ltr'>faciendo</span> <span class='ocrx_word' id='word_1_70' title='bbox 468 1289 584 1375; x_wconf 75' lang='lat' dir='ltr'>pariter</span> <span class='ocrx_word' id='word_1_71' title='bbox 612 1289 720 1375; x_wconf 82' lang='lat' dir='ltr'>polles,</span> <span class='ocrx_word' id='word_1_72' title='bbox 753 1290 857 1354; x_wconf 90' lang='lat' dir='ltr'>donec</span> <span class='ocrx_word' id='word_1_73' title='bbox 887 1290 928 1354; x_wconf 82' lang='lat' dir='ltr'>ad</span> <span class='ocrx_word' id='word_1_74' title='bbox 963 1289 1190 1375; x_wconf 81' lang='lat' dir='ltr'>perfectionem</span> <span class='ocrx_word' id='word_1_75' title='bbox 1220 1287 1392 1375; x_wconf 81' lang='lat' dir='ltr'>perduces.</span> 
     </span>
     <span class='ocr_line' id='line_1_10' title="bbox 289 1388 1393 1480; baseline -0.005 -25"><span class='ocrx_word' id='word_1_76' title='bbox 289 1389 373 1455; x_wconf 87' lang='lat' dir='ltr'>Cum</span> <span class='ocrx_word' id='word_1_77' title='bbox 393 1413 469 1456; x_wconf 83' lang='lat' dir='ltr'>vero</span> <span class='ocrx_word' id='word_1_78' title='bbox 488 1390 615 1456; x_wconf 80' lang='lat' dir='ltr'>tebulss</span> <span class='ocrx_word' id='word_1_79' title='bbox 633 1392 703 1456; x_wconf 86' lang='lat' dir='ltr'>illus</span> <span class='ocrx_word' id='word_1_80' title='bbox 718 1413 830 1456; x_wconf 80' lang='lat' dir='ltr'>aureus</span> <span class='ocrx_word' id='word_1_81' title='bbox 844 1393 894 1456; x_wconf 86' lang='lat' dir='ltr'>vel</span> <span class='ocrx_word' id='word_1_82' title='bbox 916 1403 1084 1480; x_wconf 79' lang='lat' dir='ltr'>argenteas</span> <span class='ocrx_word' id='word_1_83' title='bbox 1100 1391 1233 1478; x_wconf 80' lang='lat' dir='ltr'>pleniter</span> <span class='ocrx_word' id='word_1_84' title='bbox 1248 1388 1393 1452; x_wconf 77' lang='lat' dir='ltr'>elevatas</span> 
     </span>
     <span class='ocr_line' id='line_1_11' title="bbox 288 1491 1393 1580; baseline -0.005 -24"><span class='ocrx_word' id='word_1_85' title='bbox 288 1503 385 1580; x_wconf 84' lang='lat' dir='ltr'>etque</span> <span class='ocrx_word' id='word_1_86' title='bbox 399 1493 513 1580; x_wconf 78' lang='lat' dir='ltr'>politus</span> <span class='ocrx_word' id='word_1_87' title='bbox 528 1495 687 1580; x_wconf 84' lang='lat' dir='ltr'>configere</span> <span class='ocrx_word' id='word_1_88' title='bbox 701 1494 847 1572; x_wconf 87' lang='lat' dir='ltr'>volueris,</span> <span class='ocrx_word' id='word_1_89' title='bbox 857 1495 932 1558; x_wconf 91' lang='lat' dir='ltr'>tolle</span> <span class='ocrx_word' id='word_1_90' title='bbox 946 1515 1053 1559; x_wconf 81' lang='lat' dir='ltr'>cerem</span> <span class='ocrx_word' id='word_1_91' title='bbox 1068 1502 1101 1558; x_wconf 86' lang='lat' dir='ltr'>et</span> <span class='ocrx_word' id='word_1_92' title='bbox 1115 1491 1250 1580; x_wconf 80' lang='lat' dir='ltr'>liquefac</span> <span class='ocrx_word' id='word_1_93' title='bbox 1266 1491 1299 1552; x_wconf 92' lang='lat' dir='ltr'>in</span> <span class='ocrx_word' id='word_1_94' title='bbox 1314 1509 1393 1552; x_wconf 79' lang='lat' dir='ltr'>vase</span> 
     </span>
     <span class='ocr_line' id='line_1_12' title="bbox 290 1593 1391 1684; baseline -0.005 -25"><span class='ocrx_word' id='word_1_95' title='bbox 290 1595 379 1660; x_wconf 85' lang='lat' dir='ltr'>fictili</span> <span class='ocrx_word' id='word_1_96' title='bbox 392 1595 443 1660; x_wconf 85' lang='lat' dir='ltr'>vel</span> <span class='ocrx_word' id='word_1_97' title='bbox 461 1617 587 1682; x_wconf 88' lang='lat' dir='ltr'>cupreo,</span> <span class='ocrx_word' id='word_1_98' title='bbox 610 1605 705 1684; x_wconf 82' lang='lat' dir='ltr'>utque</span> <span class='ocrx_word' id='word_1_99' title='bbox 720 1597 891 1661; x_wconf 82' lang='lat' dir='ltr'>commisce</span> <span class='ocrx_word' id='word_1_100' title='bbox 907 1597 935 1660; x_wconf 90' lang='lat' dir='ltr'>ei</span> <span class='ocrx_word' id='word_1_101' title='bbox 950 1597 1092 1683; x_wconf 82' lang='lat' dir='ltr'>tegulam</span> <span class='ocrx_word' id='word_1_102' title='bbox 1107 1595 1265 1662; x_wconf 83' lang='lat' dir='ltr'>subtiliter</span> <span class='ocrx_word' id='word_1_103' title='bbox 1279 1593 1391 1656; x_wconf 77' lang='lat' dir='ltr'>tritam</span> 
     </span>
     <span class='ocr_line' id='line_1_13' title="bbox 289 1695 1391 1785; baseline -0.004 -24"><span class='ocrx_word' id='word_1_104' title='bbox 289 1697 355 1761; x_wconf 86' lang='lat' dir='ltr'>sive</span> <span class='ocrx_word' id='word_1_105' title='bbox 381 1697 539 1777; x_wconf 83' lang='lat' dir='ltr'>sabulum,</span> <span class='ocrx_word' id='word_1_106' title='bbox 565 1699 611 1762; x_wconf 82' lang='lat' dir='ltr'>ite</span> <span class='ocrx_word' id='word_1_107' title='bbox 633 1708 668 1762; x_wconf 90' lang='lat' dir='ltr'>ut</span> <span class='ocrx_word' id='word_1_108' title='bbox 690 1699 753 1762; x_wconf 89' lang='lat' dir='ltr'>sint</span> <span class='ocrx_word' id='word_1_109' title='bbox 778 1697 872 1785; x_wconf 83' lang='lat' dir='ltr'>hujus</span> <span class='ocrx_word' id='word_1_110' title='bbox 895 1699 967 1764; x_wconf 83' lang='lat' dir='ltr'>duae</span> <span class='ocrx_word' id='word_1_111' title='bbox 989 1708 1094 1785; x_wconf 79' lang='lat' dir='ltr'>pertee</span> <span class='ocrx_word' id='word_1_112' title='bbox 1120 1706 1153 1762; x_wconf 87' lang='lat' dir='ltr'>ct</span> <span class='ocrx_word' id='word_1_113' title='bbox 1177 1719 1258 1760; x_wconf 83' lang='lat' dir='ltr'>cerae</span> <span class='ocrx_word' id='word_1_114' title='bbox 1284 1695 1391 1758; x_wconf 85' lang='lat' dir='ltr'>tertis.</span> 
     </span>
     <span class='ocr_line' id='line_1_14' title="bbox 291 1797 1392 1888; baseline -0.003 -26"><span class='ocrx_word' id='word_1_115' title='bbox 291 1797 388 1874; x_wconf 91' lang='lat' dir='ltr'>Quod</span> <span class='ocrx_word' id='word_1_116' title='bbox 410 1819 483 1862; x_wconf 90' lang='lat' dir='ltr'>cum</span> <span class='ocrx_word' id='word_1_117' title='bbox 505 1799 621 1886; x_wconf 83' lang='lat' dir='ltr'>puriter</span> <span class='ocrx_word' id='word_1_118' title='bbox 645 1800 849 1888; x_wconf 79' lang='lat' dir='ltr'>liquefactum</span> <span class='ocrx_word' id='word_1_119' title='bbox 872 1800 977 1882; x_wconf 89' lang='lat' dir='ltr'>suerit,</span> <span class='ocrx_word' id='word_1_120' title='bbox 1007 1822 1080 1866; x_wconf 88' lang='lat' dir='ltr'>cum</span> <span class='ocrx_word' id='word_1_121' title='bbox 1102 1799 1259 1866; x_wconf 82' lang='lat' dir='ltr'>cochleari</span> <span class='ocrx_word' id='word_1_122' title='bbox 1281 1797 1392 1882; x_wconf 89' lang='lat' dir='ltr'>ligneo</span> 
     </span>
     <span class='ocr_line' id='line_1_15' title="bbox 291 1901 1392 1990; baseline 0 -28"><span class='ocrx_word' id='word_1_123' title='bbox 291 1901 412 1964; x_wconf 90' lang='lat' dir='ltr'>fortiter</span> <span class='ocrx_word' id='word_1_124' title='bbox 425 1901 650 1982; x_wconf 88' lang='lat' dir='ltr'>commovebis,</span> <span class='ocrx_word' id='word_1_125' title='bbox 661 1913 694 1966; x_wconf 86' lang='lat' dir='ltr'>et</span> <span class='ocrx_word' id='word_1_126' title='bbox 710 1902 783 1967; x_wconf 88' lang='lat' dir='ltr'>inde</span> <span class='ocrx_word' id='word_1_127' title='bbox 797 1903 944 1990; x_wconf 85' lang='lat' dir='ltr'>implebis</span> <span class='ocrx_word' id='word_1_128' title='bbox 959 1925 1070 1968; x_wconf 88' lang='lat' dir='ltr'>omnes</span> <span class='ocrx_word' id='word_1_129' title='bbox 1082 1902 1237 1988; x_wconf 73' lang='lat' dir='ltr'>imagines</span> <span class='ocrx_word' id='word_1_130' title='bbox 1251 1901 1286 1962; x_wconf 92' lang='lat' dir='ltr'>in</span> <span class='ocrx_word' id='word_1_131' title='bbox 1301 1921 1392 1976; x_wconf 82' lang='lat' dir='ltr'>euro,</span> 
     </span>
     <span class='ocr_line' id='line_1_16' title="bbox 290 2000 1394 2094; baseline 0 -31"><span class='ocrx_word' id='word_1_132' title='bbox 290 2008 433 2086; x_wconf 77' lang='lat' dir='ltr'>argento,</span> <span class='ocrx_word' id='word_1_133' title='bbox 449 2002 514 2066; x_wconf 86' lang='lat' dir='ltr'>sive</span> <span class='ocrx_word' id='word_1_134' title='bbox 529 2025 638 2088; x_wconf 88' lang='lat' dir='ltr'>cupro,</span> <span class='ocrx_word' id='word_1_135' title='bbox 659 2005 709 2070; x_wconf 88' lang='lat' dir='ltr'>vel</span> <span class='ocrx_word' id='word_1_136' title='bbox 724 2007 938 2094; x_wconf 89' lang='lat' dir='ltr'>quodcunque</span> <span class='ocrx_word' id='word_1_137' title='bbox 953 2005 986 2069; x_wconf 91' lang='lat' dir='ltr'>in</span> <span class='ocrx_word' id='word_1_138' title='bbox 1000 2004 1050 2068; x_wconf 89' lang='lat' dir='ltr'>his</span> <span class='ocrx_word' id='word_1_139' title='bbox 1065 2006 1224 2068; x_wconf 81' lang='lat' dir='ltr'>elevatum</span> <span class='ocrx_word' id='word_1_140' title='bbox 1240 2000 1346 2078; x_wconf 87' lang='lat' dir='ltr'>fuerit,</span> <span class='ocrx_word' id='word_1_141' title='bbox 1361 2011 1394 2064; x_wconf 86' lang='lat' dir='ltr'>et</span> 
     </span>
     <span class='ocr_line' id='line_1_17' title="bbox 290 2102 1393 2194; baseline -0.001 -26"><span class='ocrx_word' id='word_1_142' title='bbox 290 2102 508 2190; x_wconf 78' lang='lat' dir='ltr'>redigeretum</span> <span class='ocrx_word' id='word_1_143' title='bbox 523 2107 649 2194; x_wconf 88' lang='lat' dir='ltr'>confige</span> <span class='ocrx_word' id='word_1_144' title='bbox 661 2107 715 2173; x_wconf 89' lang='lat' dir='ltr'>ubi</span> <span class='ocrx_word' id='word_1_145' title='bbox 732 2111 819 2174; x_wconf 86' lang='lat' dir='ltr'>velis.</span> <span class='ocrx_word' id='word_1_146' title='bbox 865 2109 904 2173; x_wconf 89' lang='lat' dir='ltr'>ln</span> <span class='ocrx_word' id='word_1_147' title='bbox 919 2108 1042 2194; x_wconf 90' lang='lat' dir='ltr'>cupreis</span> <span class='ocrx_word' id='word_1_148' title='bbox 1054 2129 1129 2172; x_wconf 89' lang='lat' dir='ltr'>vero</span> <span class='ocrx_word' id='word_1_149' title='bbox 1143 2107 1260 2171; x_wconf 84' lang='lat' dir='ltr'>tabulis</span> <span class='ocrx_word' id='word_1_150' title='bbox 1275 2104 1393 2168; x_wconf 91' lang='lat' dir='ltr'>eodem</span> 
     </span>
     <span class='ocr_line' id='line_1_18' title="bbox 290 2205 1395 2298; baseline -0.001 -29"><span class='ocrx_word' id='word_1_151' title='bbox 290 2205 389 2271; x_wconf 89' lang='lat' dir='ltr'>modo</span> <span class='ocrx_word' id='word_1_152' title='bbox 403 2209 573 2273; x_wconf 83' lang='lat' dir='ltr'>attenuatis</span> <span class='ocrx_word' id='word_1_153' title='bbox 588 2210 689 2278; x_wconf 88' lang='lat' dir='ltr'>simile</span> <span class='ocrx_word' id='word_1_154' title='bbox 704 2233 784 2298; x_wconf 91' lang='lat' dir='ltr'>opus</span> <span class='ocrx_word' id='word_1_155' title='bbox 799 2207 846 2291; x_wconf 88' lang='lat' dir='ltr'>fit,</span> <span class='ocrx_word' id='word_1_156' title='bbox 864 2211 920 2275; x_wconf 89' lang='lat' dir='ltr'>sed</span> <span class='ocrx_word' id='word_1_157' title='bbox 937 2211 1048 2297; x_wconf 81' lang='lat' dir='ltr'>majori</span> <span class='ocrx_word' id='word_1_158' title='bbox 1064 2209 1175 2272; x_wconf 86' lang='lat' dir='ltr'>virium</span> <span class='ocrx_word' id='word_1_159' title='bbox 1190 2205 1346 2271; x_wconf 60' lang='lat' dir='ltr'>instantiis</span> <span class='ocrx_word' id='word_1_160' title='bbox 1362 2215 1395 2270; x_wconf 91' lang='lat' dir='ltr'>et</span> 
     </span>
     <span class='ocr_line' id='line_1_19' title="bbox 292 2308 1394 2397; baseline 0.001 -26"><span class='ocrx_word' id='word_1_161' title='bbox 292 2308 466 2396; x_wconf 63' lang='lat' dir='ltr'>diligentie,</span> <span class='ocrx_word' id='word_1_162' title='bbox 482 2333 578 2396; x_wconf 82' lang='lat' dir='ltr'>quam</span> <span class='ocrx_word' id='word_1_163' title='bbox 593 2311 727 2377; x_wconf 88' lang='lat' dir='ltr'>durioris</span> <span class='ocrx_word' id='word_1_164' title='bbox 741 2323 862 2377; x_wconf 81' lang='lat' dir='ltr'>naturae</span> <span class='ocrx_word' id='word_1_165' title='bbox 878 2321 936 2377; x_wconf 88' lang='lat' dir='ltr'>est.</span> <span class='ocrx_word' id='word_1_166' title='bbox 981 2311 1078 2387; x_wconf 89' lang='lat' dir='ltr'>Quod</span> <span class='ocrx_word' id='word_1_167' title='bbox 1093 2333 1174 2397; x_wconf 91' lang='lat' dir='ltr'>opus</span> <span class='ocrx_word' id='word_1_168' title='bbox 1189 2333 1261 2376; x_wconf 91' lang='lat' dir='ltr'>cum</span> <span class='ocrx_word' id='word_1_169' title='bbox 1279 2331 1394 2396; x_wconf 88' lang='lat' dir='ltr'>perve-</span> 
     </span>
     <span class='ocr_line' id='line_1_20' title="bbox 292 2412 1395 2501; baseline 0 -27"><span class='ocrx_word' id='word_1_170' title='bbox 292 2413 373 2476; x_wconf 89' lang='lat' dir='ltr'>nerit</span> <span class='ocrx_word' id='word_1_171' title='bbox 387 2412 426 2476; x_wconf 87' lang='lat' dir='ltr'>ed</span> <span class='ocrx_word' id='word_1_172' title='bbox 442 2413 571 2478; x_wconf 86' lang='lat' dir='ltr'>subtiles</span> <span class='ocrx_word' id='word_1_173' title='bbox 586 2421 716 2494; x_wconf 83' lang='lat' dir='ltr'>tructus,</span> <span class='ocrx_word' id='word_1_174' title='bbox 738 2414 833 2478; x_wconf 86' lang='lat' dir='ltr'>debet</span> <span class='ocrx_word' id='word_1_175' title='bbox 847 2415 880 2478; x_wconf 88' lang='lat' dir='ltr'>in</span> <span class='ocrx_word' id='word_1_176' title='bbox 901 2415 1050 2479; x_wconf 86' lang='lat' dir='ltr'>exteriori</span> <span class='ocrx_word' id='word_1_177' title='bbox 1065 2423 1153 2501; x_wconf 83' lang='lat' dir='ltr'>perte</span> <span class='ocrx_word' id='word_1_178' title='bbox 1173 2413 1304 2499; x_wconf 73' lang='lat' dir='ltr'>purgari</span> <span class='ocrx_word' id='word_1_179' title='bbox 1319 2433 1395 2475; x_wconf 87' lang='lat' dir='ltr'>curn</span> 
     </span>
     <span class='ocr_line' id='line_1_21' title="bbox 292 2514 1397 2604; baseline -0.001 -27"><span class='ocrx_word' id='word_1_180' title='bbox 292 2514 385 2578; x_wconf 86' lang='lat' dir='ltr'>lsneo</span> <span class='ocrx_word' id='word_1_181' title='bbox 415 2535 520 2600; x_wconf 81' lang='lat' dir='ltr'>penno</span> <span class='ocrx_word' id='word_1_182' title='bbox 542 2525 574 2580; x_wconf 89' lang='lat' dir='ltr'>et</span> <span class='ocrx_word' id='word_1_183' title='bbox 596 2516 717 2596; x_wconf 80' lang='lat' dir='ltr'>sabulo,</span> <span class='ocrx_word' id='word_1_184' title='bbox 747 2517 850 2582; x_wconf 85' lang='lat' dir='ltr'>donec</span> <span class='ocrx_word' id='word_1_185' title='bbox 873 2519 964 2604; x_wconf 79' lang='lat' dir='ltr'>nigra</span> <span class='ocrx_word' id='word_1_186' title='bbox 989 2518 1070 2582; x_wconf 88' lang='lat' dir='ltr'>cutis</span> <span class='ocrx_word' id='word_1_187' title='bbox 1092 2515 1262 2592; x_wconf 80' lang='lat' dir='ltr'>auferetur,</span> <span class='ocrx_word' id='word_1_188' title='bbox 1293 2524 1327 2576; x_wconf 88' lang='lat' dir='ltr'>et</span> <span class='ocrx_word' id='word_1_189' title='bbox 1350 2515 1397 2577; x_wconf 88' lang='lat' dir='ltr'>sic</span> 
     </span>
     <span class='ocr_line' id='line_1_22' title="bbox 294 2615 1400 2707; baseline 0.001 -29"><span class='ocrx_word' id='word_1_190' title='bbox 294 2615 437 2680; x_wconf 80' lang='lat' dir='ltr'>deaurari</span> <span class='ocrx_word' id='word_1_191' title='bbox 464 2629 558 2706; x_wconf 76' lang='lat' dir='ltr'>atque</span> <span class='ocrx_word' id='word_1_192' title='bbox 581 2619 680 2705; x_wconf 91' lang='lat' dir='ltr'>poliri,</span> <span class='ocrx_word' id='word_1_193' title='bbox 711 2620 921 2707; x_wconf 87' lang='lat' dir='ltr'>perfectisque</span> <span class='ocrx_word' id='word_1_194' title='bbox 948 2615 1143 2686; x_wconf 78' lang='lat' dir='ltr'>decolorari¹</span> <span class='ocrx_word' id='word_1_195' title='bbox 1172 2617 1341 2696; x_wconf 79' lang='lat' dir='ltr'>tractibus,</span> <span class='ocrx_word' id='word_1_196' title='bbox 1366 2625 1400 2680; x_wconf 89' lang='lat' dir='ltr'>et</span> 
     </span>
     <span class='ocr_line' id='line_1_23' title="bbox 295 2717 865 2808; baseline 0.011 -28"><span class='ocrx_word' id='word_1_197' title='bbox 295 2717 452 2801; x_wconf 78' lang='lat' dir='ltr'>predictis</span> <span class='ocrx_word' id='word_1_198' title='bbox 467 2721 718 2786; x_wconf 89' lang='lat' dir='ltr'>confectionibus</span> <span class='ocrx_word' id='word_1_199' title='bbox 735 2722 865 2808; x_wconf 90' lang='lat' dir='ltr'>impleri.</span> 
     </span>
    </p>
   </div>
   <div class='ocr_carea' id='block_1_3' title="bbox 601 3321 1097 3422">
    <p class='ocr_par' dir='ltr' id='par_1_3' title="bbox 601 3321 1097 3422">
     <span class='ocr_line' id='line_1_24' title="bbox 601 3321 1097 3422; baseline 0.002 -2"><span class='ocrx_word' id='word_1_200' title='bbox 601 3321 829 3420; x_wconf 77' lang='lat' dir='ltr'><strong>CAPUT</strong></span> <span class='ocrx_word' id='word_1_201' title='bbox 891 3324 1097 3422; x_wconf 87' lang='lat' dir='ltr'><strong>LXXV.</strong></span> 
     </span>
    </p>
   </div>
   <div class='ocr_carea' id='block_1_4' title="bbox 493 3536 1197 3587">
    <p class='ocr_par' dir='ltr' id='par_1_4' title="bbox 493 3536 1197 3587">
     <span class='ocr_line' id='line_1_25' title="bbox 493 3536 1197 3587; baseline 0.007 -9"><span class='ocrx_word' id='word_1_202' title='bbox 493 3536 538 3578; x_wconf 78' lang='lat' dir='ltr'>DE</span> <span class='ocrx_word' id='word_1_203' title='bbox 560 3536 671 3580; x_wconf 77' lang='lat' dir='ltr'>OPERE</span> <span class='ocrx_word' id='word_1_204' title='bbox 694 3537 788 3587; x_wconf 85' lang='lat' dir='ltr'>QUOD</span> <span class='ocrx_word' id='word_1_205' title='bbox 811 3537 956 3582; x_wconf 75' lang='lat' dir='ltr'>sturnus</span> <span class='ocrx_word' id='word_1_206' title='bbox 979 3539 1197 3584; x_wconf 68' lang='lat' dir='ltr'>metumve.</span> 
     </span>
    </p>
   </div>
   <div class='ocr_carea' id='block_1_5' title="bbox 378 3679 1525 3776">
    <p class='ocr_par' dir='ltr' id='par_1_5' title="bbox 378 3679 1525 3776">
     <span class='ocr_line' id='line_1_26' title="bbox 378 3679 1525 3776; baseline 0.016 -33"><span class='ocrx_word' id='word_1_207' title='bbox 378 3679 487 3747; x_wconf 90' lang='grc' dir='ltr'>ΙΑΝΤ</span> <span class='ocrx_word' id='word_1_208' title='bbox 501 3685 596 3748; x_wconf 84' lang='lat' dir='ltr'>etiem</span> <span class='ocrx_word' id='word_1_209' title='bbox 612 3685 684 3749; x_wconf 87' lang='lat' dir='ltr'>ferri</span> <span class='ocrx_word' id='word_1_210' title='bbox 699 3687 740 3750; x_wconf 86' lang='lat' dir='ltr'>ed</span> <span class='ocrx_word' id='word_1_211' title='bbox 756 3709 935 3752; x_wconf 83' lang='lat' dir='ltr'>mensuram</span> <span class='ocrx_word' id='word_1_212' title='bbox 954 3688 1046 3753; x_wconf 88' lang='lat' dir='ltr'>unius</span> <span class='ocrx_word' id='word_1_213' title='bbox 1061 3689 1152 3776; x_wconf 82' lang='lat' dir='ltr'>digiti</span> <span class='ocrx_word' id='word_1_214' title='bbox 1168 3690 1272 3776; x_wconf 89' lang='lat' dir='ltr'>spissi,</span> <span class='ocrx_word' id='word_1_215' title='bbox 1295 3693 1405 3759; x_wconf 88' lang='lat' dir='ltr'>tribus</span> <span class='ocrx_word' id='word_1_216' title='bbox 1517 3741 1525 3769; x_wconf 87' lang='grc'><strong>.</strong></span> 
     </span>
    </p>
   </div>
   <div class='ocr_carea' id='block_1_6' title="bbox 301 3783 1405 4084">
    <p class='ocr_par' dir='ltr' id='par_1_6' title="bbox 301 3783 1405 4084">
     <span class='ocr_line' id='line_1_27' title="bbox 398 3783 1403 3879; baseline 0.014 -33"><span class='ocrx_word' id='word_1_217' title='bbox 398 3783 504 3870; x_wconf 87' lang='lat' dir='ltr'>digitis</span> <span class='ocrx_word' id='word_1_218' title='bbox 528 3787 577 3849; x_wconf 86' lang='lat' dir='ltr'>vel</span> <span class='ocrx_word' id='word_1_219' title='bbox 597 3795 732 3874; x_wconf 83' lang='lat' dir='ltr'>quatuor</span> <span class='ocrx_word' id='word_1_220' title='bbox 752 3787 818 3868; x_wconf 83' lang='lat' dir='ltr'>lati,</span> <span class='ocrx_word' id='word_1_221' title='bbox 843 3788 1064 3875; x_wconf 81' lang='lat' dir='ltr'>longitudine⁸</span> <span class='ocrx_word' id='word_1_222' title='bbox 1094 3791 1197 3866; x_wconf 78' lang='lat' dir='ltr'>unium,</span> <span class='ocrx_word' id='word_1_223' title='bbox 1221 3793 1274 3879; x_wconf 90' lang='lat' dir='ltr'>qui</span> <span class='ocrx_word' id='word_1_224' title='bbox 1294 3796 1403 3860; x_wconf 81' lang='lat' dir='ltr'>sanis-</span> 
     </span>
     <span class='ocr_line' id='line_1_28' title="bbox 301 3887 1404 3974; baseline 0.01 -23"><span class='ocrx_word' id='word_1_225' title='bbox 301 3887 371 3952; x_wconf 87' lang='lat' dir='ltr'>simi</span> <span class='ocrx_word' id='word_1_226' title='bbox 396 3887 514 3952; x_wconf 90' lang='lat' dir='ltr'>debent</span> <span class='ocrx_word' id='word_1_227' title='bbox 532 3911 613 3969; x_wconf 89' lang='lat' dir='ltr'>esse,</span> <span class='ocrx_word' id='word_1_228' title='bbox 635 3889 719 3952; x_wconf 90' lang='lat' dir='ltr'>utin</span> <span class='ocrx_word' id='word_1_229' title='bbox 737 3889 783 3954; x_wconf 89' lang='lat' dir='ltr'>eis</span> <span class='ocrx_word' id='word_1_230' title='bbox 806 3890 893 3954; x_wconf 81' lang='lat' dir='ltr'>nulle</span> <span class='ocrx_word' id='word_1_231' title='bbox 913 3892 954 3955; x_wconf 91' lang='lat' dir='ltr'>sit</span> <span class='ocrx_word' id='word_1_232' title='bbox 972 3893 1105 3974; x_wconf 75' lang='lat' dir='ltr'>macula,</span> <span class='ocrx_word' id='word_1_233' title='bbox 1128 3893 1213 3957; x_wconf 82' lang='lat' dir='ltr'>nulle</span> <span class='ocrx_word' id='word_1_234' title='bbox 1234 3896 1353 3960; x_wconf 83' lang='lat' dir='ltr'>fissura</span> <span class='ocrx_word' id='word_1_235' title='bbox 1368 3899 1404 3962; x_wconf 90' lang='lat' dir='ltr'>in</span> 
     </span>
     <span class='ocr_line' id='line_1_29' title="bbox 301 3991 1405 4084; baseline 0.01 -30"><span class='ocrx_word' id='word_1_236' title='bbox 301 3991 449 4078; x_wconf 87' lang='lat' dir='ltr'>superiori</span> <span class='ocrx_word' id='word_1_237' title='bbox 465 3992 571 4056; x_wconf 84' lang='lat' dir='ltr'>latere.</span> <span class='ocrx_word' id='word_1_238' title='bbox 618 3991 657 4054; x_wconf 91' lang='lat' dir='ltr'>In</span> <span class='ocrx_word' id='word_1_239' title='bbox 678 3991 728 4054; x_wconf 92' lang='lat' dir='ltr'>his</span> <span class='ocrx_word' id='word_1_240' title='bbox 743 3992 928 4077; x_wconf 80' lang='lat' dir='ltr'>sculpentur</span> <span class='ocrx_word' id='word_1_241' title='bbox 947 3993 1199 4060; x_wconf 88' lang='lat' dir='ltr'>insimilitudine</span> <span class='ocrx_word' id='word_1_242' title='bbox 1219 3996 1405 4084; x_wconf 88' lang='lat' dir='ltr'>sigillorum</span> 
     </span>
    </p>
   </div>
   <div class='ocr_carea' id='block_1_7' title="bbox 526 4183 1134 4414">
    <p class='ocr_par' dir='ltr' id='par_1_7' title="bbox 526 4183 1134 4414">
     <span class='ocr_line' id='line_1_30' title="bbox 528 4183 991 4244; baseline 0.002 -11"><span class='ocrx_word' id='word_1_243' title='bbox 528 4183 535 4213; x_wconf 91' lang='lat'><strong>¹</strong></span> <span class='ocrx_word' id='word_1_244' title='bbox 554 4183 635 4234; x_wconf 63' lang='lat' dir='ltr'>vitiu&amp;</span> <span class='ocrx_word' id='word_1_245' title='bbox 651 4183 789 4244; x_wconf 60' lang='lat' dir='ltr'>‘&#39;lentie”</span> <span class='ocrx_word' id='word_1_246' title='bbox 806 4185 833 4232; x_wconf 72' lang='lat' dir='ltr'>fe</span> <span class='ocrx_word' id='word_1_247' title='bbox 846 4187 903 4236; x_wconf 77' lang='lat' dir='ltr'>ood.</span> <span class='ocrx_word' id='word_1_248' title='bbox 917 4187 991 4236; x_wconf 78' lang='lat' dir='ltr'>Harl.</span> 
     </span>
     <span class='ocr_line' id='line_1_31' title="bbox 526 4263 945 4332; baseline 0 -18"><span class='ocrx_word' id='word_1_249' title='bbox 526 4263 537 4294; x_wconf 83' lang='lat'>⁸</span> <span class='ocrx_word' id='word_1_250' title='bbox 554 4264 719 4324; x_wconf 63' lang='lat' dir='ltr'>“incolomi‘&#39;</span> <span class='ocrx_word' id='word_1_251' title='bbox 735 4267 762 4314; x_wconf 79' lang='lat' dir='ltr'>iri</span> <span class='ocrx_word' id='word_1_252' title='bbox 775 4265 832 4315; x_wconf 76' lang='lat' dir='ltr'>coc.</span> <span class='ocrx_word' id='word_1_253' title='bbox 845 4269 945 4332; x_wconf 62' lang='lat' dir='ltr'>saepe.</span> 
     </span>
     <span class='ocr_line' id='line_1_32' title="bbox 527 4343 1134 4414; baseline 0.008 -19"><span class='ocrx_word' id='word_1_254' title='bbox 527 4343 537 4373; x_wconf 85' lang='lat'>¹</span> <span class='ocrx_word' id='word_1_255' title='bbox 566 4348 644 4396; x_wconf 72' lang='lat' dir='ltr'>ortem</span> <span class='ocrx_word' id='word_1_256' title='bbox 660 4346 769 4409; x_wconf 60' lang='lat' dir='ltr'>“prdie&#39;&#39;</span> <span class='ocrx_word' id='word_1_257' title='bbox 785 4348 813 4396; x_wconf 76' lang='lat' dir='ltr'>ie</span> <span class='ocrx_word' id='word_1_258' title='bbox 825 4349 882 4398; x_wconf 74' lang='lat' dir='ltr'>cor.</span> <span class='ocrx_word' id='word_1_259' title='bbox 897 4351 997 4414; x_wconf 76' lang='lat' dir='ltr'>Gudpft.</span> <span class='ocrx_word' id='word_1_260' title='bbox 1007 4350 1134 4400; x_wconf 66' lang='lat' dir='ltr'>inuritur.</span> 
     </span>
    </p>
   </div>
   <div class='ocr_carea' id='block_1_8' title="bbox 0 0 1596 5152">
    <p class='ocr_par' dir='ltr' id='par_1_8' title="bbox 0 0 1596 5152">
     <span class='ocr_line' id='line_1_33' title="bbox 0 0 1596 5152; baseline 0 0"><span class='ocrx_word' id='word_1_261' title='bbox 0 0 1596 5152; x_wconf 95' lang='lat' dir='ltr'> </span> 
     </span>
    </p>
   </div>
  </div>
 </body>
</html>
