3216 5138
303 483 363 548 154
545 568 562 599 ο
672 501 862 545 rusorum
888 501 991 545 urens
1014 503 1052 546 11.

300 655 381 730 Quae
397 675 469 718 cum
485 654 622 739 pinxeris
635 675 730 738 opere
745 653 858 733 fabrili,
869 653 1002 740 dispone
1017 654 1087 718 loce
1101 653 1133 716 in
1146 653 1261 739 quibus
1274 653 1397 739 lapides

299 779 415 843 ponere
426 756 571 836 volueris,
587 757 786 842 acceptisque
802 757 961 842 particulis
977 755 1094 842 saphiri
1109 756 1195 835 clari,
1208 757 1310 821 forma
1323 757 1397 820 inde

298 859 449 922 iacinctus
464 858 639 922 secundum
654 858 864 945 quantitatem
885 859 1025 922 locorum
1046 881 1186 938 suorum,
1202 869 1234 923 et
1251 882 1291 924 ex
1306 857 1397 921 viridi

300 961 380 1025 vitro
403 961 600 1048 smaragdos,
622 971 656 1025 et
678 961 723 1024 sic
747 982 808 1046 ege
832 970 867 1026 ut
891 962 972 1025 inter
994 962 1076 1026 duos
1098 961 1251 1027 incinctos
1274 982 1399 1047 semper

300 1063 487 1150 smaragdus
502 1073 574 1128 stet.
620 1062 745 1137 Quibus
760 1063 926 1149 diligenter
940 1064 972 1127 in
993 1063 1057 1128 suis
1079 1065 1155 1128 locis
1173 1064 1351 1150 conjunctis
1366 1071 1399 1126 et

300 1166 455 1245 stabilitis,
472 1166 604 1231 densum
620 1166 758 1230 colorem
775 1165 864 1231 trahe
878 1167 962 1230 circa
977 1188 1031 1230 eos
1049 1188 1122 1230 curn
1142 1167 1288 1252 pincello,
1303 1165 1347 1228 ita
1362 1174 1399 1227 ut

299 1267 469 1332 interduo
494 1268 574 1333 vitra
600 1267 677 1331 nihil
701 1267 790 1348 fluat,
815 1269 922 1355 sicque
948 1291 1020 1332 cum
1045 1270 1172 1356 reliquis
1198 1269 1339 1356 partibus
1366 1268 1398 1332 in

301 1368 394 1434 lurno
410 1393 510 1458 coque
525 1380 557 1436 et
571 1369 776 1434 adhaerebunt
790 1371 850 1434 sibi
864 1372 909 1434 ita
924 1380 958 1434 ut
973 1394 1136 1457 nunquam
1152 1372 1276 1436 cadant.

616 1979 847 2078 CAPUT
893 1980 1083 2076 XXIX

603 2214 649 2256 DE
672 2215 890 2258 extimemus
914 2215 1104 2259 FENESTBlS.

305 2376 381 2530 Sl
405 2398 478 2440 vero
500 2377 634 2442 volueris
655 2379 813 2464 simplices
834 2379 985 2443 fenestras
1003 2399 1205 2464 componere,
1220 2401 1401 2444 mensuram

386 2479 592 2566 longitudinis
614 2489 647 2544 et
668 2481 842 2546 latitudinis
866 2481 1001 2567 primum
1027 2482 1077 2546 lac
1100 2481 1132 2544 in
1155 2481 1260 2568 lignea
1284 2482 1402 2560 tabula,

305 2583 420 2648 deinde
443 2583 590 2670 pertrahe
613 2583 717 2649 nodos
739 2586 789 2648 vel
812 2583 897 2648 aliud
920 2583 1005 2670 quod
1028 2583 1162 2662 libuerit,
1184 2583 1404 2670 distinctisque

304 2685 462 2750 coloribus
497 2687 736 2772 componendis,
771 2687 857 2752 finde
892 2687 1006 2749 vitrum
1039 2686 1135 2772 grossi
1168 2694 1200 2748 et
1233 2686 1402 2772 conjunge,

305 2788 519 2876 adhibitisque
549 2789 645 2853 clavis
676 2790 802 2854 include
835 2790 976 2874 plumbo,
1006 2799 1038 2852 et
1066 2788 1168 2852 solida
1200 2809 1239 2852 ex
1270 2797 1404 2874 utreque

306 2899 405 2975 perte,
422 2891 625 2976 circumpone
643 2892 731 2979 ligna
747 2892 845 2956 clavis
862 2891 986 2955 firmata
1001 2901 1034 2954 et
1048 2891 1173 2976 conlige
1188 2891 1241 2954 ubi
1257 2890 1403 2954 volueris.

629 3503 853 3600 CAPUT
910 3503 1065 3599 XXX.

414 3737 582 3788 QUOMODO
605 3739 834 3784 herennianus
856 3739 920 3782 VAS
943 3739 1098 3784 Virunum
1123 3737 1293 3782 PRAGTUM.

307 3901 383 4055 Sl
402 3903 482 3966 forte
497 3923 553 3968 ves
569 3905 702 3969 vitreum
721 3907 947 3991 cujuscumque
968 3905 1092 3990 generis
1112 3904 1198 3968 cedit
1217 3912 1273 3967 eut
1292 3924 1405 3988 percu-

388 4005 473 4085 titur,
498 4007 543 4071 ite
566 4017 601 4072 ut
622 4009 785 4095 frangatur
800 4009 848 4073 vel
869 4007 1016 4087 findetur,
1035 4007 1097 4072 hoc
1117 4007 1214 4072 modo
1234 4015 1405 4092 reparetur.

305 4107 395 4173 Tolle
415 4109 537 4174 cineres
557 4122 589 4175 et
608 4112 709 4176 cribra
729 4133 784 4174 eos
804 4111 969 4197 diligenter
990 4131 1154 4175 macerans
1174 4131 1246 4174 cum
1262 4131 1357 4196 aque,
1373 4121 1407 4176 et

305 4211 380 4275 inde
394 4211 489 4298 imple
500 4233 557 4278 ves
569 4213 703 4278 fractum
715 4223 748 4277 et
763 4234 846 4299 pone
862 4214 902 4276 ad
918 4213 1018 4278 solem
1029 4223 1065 4276 ut
1076 4211 1218 4277 siccetur.
1257 4211 1405 4298 Cumque

307 4313 436 4378 omnino
461 4317 581 4380 cineres
607 4315 681 4378 sicci
710 4315 833 4393 fuerint,
858 4315 997 4400 adjunge
1021 4316 1086 4378 vasi
1113 4322 1235 4401 partem
1260 4315 1406 4394 fractam,

307 4437 423 4481 cavens
444 4441 484 4482 ne
504 4419 536 4482 in
555 4420 705 4504 junctura
726 4417 866 4482 cinerum
883 4417 928 4480 vel
950 4419 1062 4504 aliquae
1083 4417 1191 4481 sordes
1210 4426 1406 4496 remaneant,
