3236 5144
301 515 364 582 226
629 537 819 580 rasorursr
844 537 947 582 ursan
970 539 1022 582 nr.

298 687 449 772 purgabis
463 687 505 752 ab
517 697 649 774 argento
664 688 815 776 quioquid
837 689 1044 754 immunditie
1059 711 1154 775 super
1174 690 1252 754 illud
1267 689 1394 766 videris,

300 792 468 876 positoque
481 811 577 874 super
590 789 666 854 illud
682 790 804 871 titione,
818 791 881 856 hoc
896 803 944 855 est
958 791 1045 876 liguo
1060 791 1135 878 igne
1156 801 1238 868 usto,
1253 790 1396 856 sufflabis

302 890 503 956 mediocriter
540 892 637 979 longo
676 903 788 958 tractu.
843 894 991 982 Cumque
1021 893 1188 979 plumbum
1217 892 1285 966 hoc¹
1309 891 1395 956 facto

301 993 440 1079 ejeceris,
455 995 481 1058 si
498 995 613 1059 videris
636 1005 802 1082 argentum
818 997 959 1060 nondum
981 1017 1096 1082 purum
1111 1018 1193 1074 esse,
1208 1017 1331 1058 rursum
1352 994 1395 1057 ad

302 1119 385 1184 pone
414 1097 589 1182 plumbum,
615 1098 882 1185 superpositisque
907 1099 1098 1164 carbonibus
1120 1098 1172 1162 sac
1190 1099 1272 1162 sicut
1298 1097 1395 1183 prius.

303 1197 400 1276 Quod
424 1200 451 1262 si
466 1199 579 1264 rideris
603 1209 768 1285 argentum
791 1199 920 1266 ebullire
942 1209 975 1264 et
995 1200 1129 1280 exsilire,
1143 1199 1223 1264 scito
1247 1209 1396 1286 stagnum

304 1301 353 1366 vel
378 1301 591 1366 aurichalcum
615 1301 643 1366 ei
665 1301 853 1381 admixtum,
871 1314 904 1366 et
928 1303 1093 1388 confringe
1115 1301 1302 1389 particulam
1325 1300 1396 1363 ritri

304 1405 434 1482 minute,
449 1414 481 1468 et
506 1403 610 1490 proice
626 1426 719 1490 super
742 1414 920 1490 argentum,
936 1405 1165 1492 plumbumque
1187 1403 1282 1482 adde,
1297 1425 1396 1489 appo-

303 1507 370 1572 sitis
385 1507 575 1570 carbonibus
591 1507 711 1570 fortiter
725 1508 829 1572 suffla.
876 1507 1002 1572 Deinde
1017 1509 1137 1594 respice
1154 1507 1236 1570 sicut
1251 1505 1347 1592 prius,
1363 1515 1396 1566 et

303 1633 376 1674 cum
396 1610 517 1695 virgula
539 1609 627 1674 aufer
648 1610 879 1672 immunditiam
895 1609 965 1672 vitri
981 1620 1013 1674 et
1035 1610 1167 1696 plumbi,
1184 1608 1397 1696 superposito-

303 1733 365 1798 que
380 1712 489 1776 titionc
505 1713 555 1775 fac
569 1711 651 1774 sicut
665 1711 761 1796 prius,
777 1722 809 1774 et
825 1711 885 1776 hoo
902 1711 1022 1776 tamdiu
1038 1713 1141 1777 donec
1157 1733 1270 1798 purum
1287 1711 1351 1774 liat.

619 2010 827 2018 ——·-—-..-—
856 2011 922 2018 ..,.-
938 2012 1027 2018 --„

619 2237 849 2334 CAPUT
906 2235 1099 2330 xxlu

536 2441 582 2485 DE
605 2439 800 2484 DlVlDBNDO
822 2438 982 2482 ARGENTO
1005 2435 1052 2480 Ar>
1075 2437 1170 2480 OPUB.

308 2594 452 2768 QUO
468 2594 634 2682 purificato
649 2591 676 2654 si
692 2589 822 2654 calicem
838 2584 990 2650 fabricare
1005 2581 1151 2661 volueris,
1165 2581 1271 2646 divide
1286 2603 1399 2668 argen-
1533 2633 1537 2638 .
1603 2667 1604 2674 ἵ

408 2709 477 2764 tum
491 2694 653 2782 aequaliter
667 2691 785 2770 induo,
797 2699 829 2755 et
844 2686 1045 2752 medietatem
1057 2704 1147 2748 serva
1162 2684 1204 2748 ad
1220 2683 1401 2747 faciendum

306 2803 421 2892 pedem
436 2810 470 2865 et
493 2809 658 2886 patenam5
682 2817 722 2858 ex
737 2794 836 2857 altera
850 2811 925 2854 vero
948 2787 1044 2852 facies
1066 2807 1133 2864 vas,
1148 2785 1198 2848 cui
1221 2783 1339 2848 adicies
1361 2806 1401 2848 ex

308 2905 450 2994 portione
466 2911 590 2987 patenae
605 2907 746 2983 partem,
769 2893 856 2958 verbi
872 2890 986 2978 gratia,
996 2889 1023 2954 si
1035 2909 1144 2952 marca
1159 2886 1282 2974 argenti
1297 2885 1401 2964 luerit,

308 3008 391 3074 sdde
414 3001 587 3076 medietati,
612 2996 737 3084 pondus
760 2995 928 3060 duodecim
951 3012 1164 3068 nummorum,
1187 3009 1269 3076 quos
1290 2999 1402 3074 postea

308 3111 383 3190 inde
398 3103 564 3172 limabiset
577 3101 668 3166 rades
683 3110 719 3162 ut
730 3097 844 3161 reddas
859 3117 925 3160 suae
941 3093 1032 3180 parti.
1078 3091 1213 3166 Quodsi
1228 3091 1298 3176 plus
1310 3090 1404 3154 luerit

308 3209 431 3300 argenti
447 3209 496 3271 rel
512 3205 625 3282 minus,
640 3201 814 3268 secundum
830 3219 922 3264 suam
934 3195 1144 3283 quantitatem
1161 3193 1271 3272 addes,
1284 3205 1316 3259 et
1331 3203 1404 3278 post

310 3321 377 3382 lraec
392 3309 559 3396 uuicuique
573 3305 654 3393 parti
671 3325 764 3368 suum
780 3303 904 3389 pondus
919 3298 1042 3363 reddes.

774 3571 854 3580 .---
865 3569 936 3576 --.--
952 3567 1006 3575 -na
1016 3567 1023 3574 ι
1051 3565 1110 3573 ...ο-ι

637 3757 867 3856 CAPUT
925 3752 1078 3849 XXV

635 3982 680 4025 ΒΕ
705 3977 893 4024 burburano
915 3973 1083 4019 duonum.

316 4150 446 4304 HIS
469 4151 514 4215 ita
536 4149 696 4235 dispositis
719 4147 808 4210 mitte
824 4152 990 4229 argentum
1014 4141 1045 4202 in
1070 4159 1134 4200 uno
1149 4136 1361 4250 vasculorum,
1376 4145 1410 4200 et

426 4275 500 4318 cum
528 4248 731 4337 liquefactum
761 4246 862 4324 fucrit,
892 4243 998 4330 proice
1027 4240 1186 4305 modicum
1214 4238 1289 4301 salis
1312 4257 1408 4322 super

312 4358 400 4436 illud,
410 4375 548 4442 moxque
558 4350 687 4416 effunde
695 4347 879 4412 infusorium
892 4343 1061 4408 rotundum
1072 4340 1158 4428 quod
1168 4340 1210 4403 sit
1218 4339 1408 4403 calefactum

314 4481 408 4545 super
422 4457 539 4542 iguem,
554 4463 586 4518 et
601 4453 643 4517 sit
658 4451 690 4516 in
712 4473 751 4515 eo
766 4471 838 4513 cera
852 4446 1031 4534 liquefacta.
1077 4441 1161 4508 Etsi
1184 4440 1291 4529 aliqud
1305 4439 1408 4526 negli-
