3220 5138
674 531 863 578 THEOPHlLl
888 532 989 579 mann
1013 533 1035 579 1.

608 817 829 916 CAPUT
899 820 1112 918 xvim.

493 1037 539 1080 DE
562 1039 712 1084 GLU'l'INE
734 1043 827 1086 con11
851 1043 893 1084 ΕΤ
915 1041 1081 1086 CORNUUM
1105 1042 1218 1086 CERVI.

394 1183 457 1249 UO
487 1189 653 1275 diligenter
678 1193 847 1273 exsiccato,
874 1193 947 1257 tolle
978 1194 1130 1256 incisuras
1154 1191 1296 1278 ejusdem
1326 1190 1402 1256 corii

406 1287 547 1353 similiter
568 1293 742 1358 exsiccatas
764 1303 796 1358 et
817 1294 983 1380 diligenter
1005 1295 1108 1358 incide
1129 1292 1349 1379 particulatim,
1370 1305 1402 1357 et

311 1390 468 1476 accipiens
491 1413 609 1457 oomue
634 1396 718 1458 cervi
742 1397 920 1460 minutatim
944 1395 1106 1460 confracta
1133 1393 1246 1458 malleo
1273 1393 1401 1472 ferrarii,

309 1515 404 1577 super
417 1493 575 1574 incudem,
590 1518 746 1583 compone
768 1499 802 1561 in
823 1498 918 1562 ollam
940 1519 1067 1575 noram,
1083 1496 1185 1560 donec
1203 1496 1244 1559 sit
1260 1494 1399 1572 dimidia,

309 1604 341 1658 et
361 1595 457 1680 imple
479 1619 550 1660 eam
572 1620 666 1686 aqua,
688 1601 795 1687 sicque
813 1601 928 1665 adhibe
951 1601 1057 1687 ignem
1083 1601 1402 1684 donecexcoquatnr

309 1699 401 1762 tertia
423 1721 496 1784 pars
518 1702 657 1786 ejusdem
681 1725 782 1790 aquas,
804 1704 849 1768 sic
871 1713 979 1767 tamen
1002 1711 1038 1766 ut
1063 1723 1127 1765 non
1151 1699 1278 1778 bulliat3
1302 1708 1334 1762 et
1356 1699 1401 1760 ita

309 1800 478 1885 probabis:
502 1803 552 1866 fac
567 1803 683 1889 digitos
705 1813 777 1868 tuos
800 1804 948 1868 humidos
970 1803 1082 1867 eadem
1104 1805 1197 1889 aqud,
1213 1811 1333 1866 etcum
1352 1821 1400 1863 re-

310 1902 449 1986 frigerati
478 1902 602 1982 fuerint,
627 1905 653 1969 si
680 1906 740 1969 sibi
770 1906 942 1987 adhaerent,
969 1905 1086 1968 bonurn
1117 1911 1165 1967 est
1194 1902 1322 1988 glutem
1351 1902 1399 1964 sin

309 2014 425 2082 autem,
441 2007 561 2071 tamdiu
577 2029 679 2094 coque
693 2009 795 2073 donec
811 2007 871 2070 sibi
890 2007 1080 2070 adhaereant.
1129 2005 1252 2069 Deinde
1274 2001 1401 2068 effirnde

308 2105 410 2190 ipsum
434 2108 541 2193 gluten
563 2110 595 2172 in
612 2131 668 2172 vas
695 2111 859 2187 mundum,
874 2118 907 2172 et
928 2129 1049 2171 mrsum
1072 2107 1168 2192 imple
1189 2106 1285 2170 ollam
1307 2104 1400 2190 aqud,

309 2215 340 2271 et
354 2230 455 2295 coque
470 2211 550 2274 sieut
565 2210 661 2295 prius,
676 2211 783 2296 sicque
799 2211 896 2274 facias
912 2231 1011 2296 usque
1026 2219 1146 2295 quater.

647 2711 870 2809 CAPUT
926 2711 1068 2807 XIX.

663 2933 709 2976 DE
730 2931 914 2977 Annnnuan
936 2931 1044 2976 GYPSI.

310 3071 577 3230 POSTHAEC
605 3085 678 3149 tolle
702 3104 839 3169 gypsum
865 3103 952 3145 more
976 3082 1071 3146 calcis
1095 3081 1309 3158 combustum,
1335 3079 1401 3143 sive

386 3192 515 3264 cretam,
538 3186 602 3272 qud
626 3187 722 3272 pelles
747 3185 944 3262 dealbantur,
967 3194 999 3247 et
1023 3193 1088 3247 tere
1114 3182 1279 3269 diligenter
1307 3204 1401 3268 super

310 3285 447 3370 lapidem
464 3309 536 3350 cum
552 3309 653 3375 aqua:
675 3288 789 3352 deinde
804 3287 893 3350 mitte
908 3288 940 3349 in
955 3308 1011 3350 vas
1026 3294 1172 3363 testeum,
1187 3294 1219 3348 et
1233 3284 1401 3347 infundens

308 3388 416 3472 gluten
439 3389 525 3468 corii,
541 3413 623 3476 pone
646 3413 739 3476 super
761 3389 925 3469 carbones,
945 3398 981 3452 ut
1001 3390 1109 3474 gluten
1125 3388 1275 3473 liquefiat,
1292 3387 1400 3472 sieque

307 3489 399 3554 linies
414 3512 487 3554 oum
503 3491 638 3576 pincello
653 3513 746 3578 super
759 3493 862 3578 ipsum
877 3491 996 3554 corium
1008 3489 1205 3568 tenuissime;
1225 3509 1262 3552 ae
1276 3487 1401 3566 deinde,

308 3613 380 3657 cnm
405 3593 522 3657 siccum
546 3593 647 3671 fuerit,
672 3593 761 3656 linies
784 3593 1011 3679 aliquantulum
1035 3592 1183 3677 spissiue;
1213 3599 1245 3654 et
1269 3591 1295 3654 si
1321 3611 1401 3676 opus

307 3694 409 3773 fuerit,
436 3694 527 3757 linies
556 3693 659 3758 tertio.
714 3693 861 3781 Cumque
891 3694 1019 3757 omnino
1051 3693 1169 3756 siccum
1199 3692 1300 3771 luerit,
1326 3691 1401 3754 tolle

306 3797 448 3876 herbam,
464 3818 534 3882 quae
555 3807 686 3860 vocatur
705 3797 866 3882 asperella,
881 3818 954 3882 qum
976 3795 1087 3858 crescit
1110 3795 1143 3857 in
1165 3793 1397 3857 similitudinem

302 3895 393 3980 junci
407 3903 440 3959 et
454 3904 502 3960 est
522 3895 663 3977 nodosa3
687 3919 783 3983 quam
799 3919 871 3961 cum
893 3897 926 3959 in
949 3905 1057 3960 aestate
1079 3897 1250 3982 collegeris,
1265 3895 1399 3960 siccabis

307 3998 339 4059 in
362 3998 438 4076 sole,
454 4005 485 4059 et
507 4018 547 4060 ex
569 4019 608 4060 ea
630 3997 756 4062 fricabis
778 3999 879 4085 ipsam
901 3997 1128 4076 dealbaturam,
1143 3998 1247 4060 donec
1269 3997 1398 4060 omnino

307 4096 401 4183 plana
414 4109 447 4162 et
460 4098 565 4161 lucida
578 4099 636 4161 fiat
645 4097 664 4161 ¹.

341 4271 346 4300 ¹
361 4271 386 4320 Si
399 4288 451 4321 rem
463 4273 562 4322 deluerit
572 4274 657 4322 corium
668 4275 699 4322 ad
710 4271 884 4336 cooperiendum
900 4273 998 4332 tabulas,
1009 4272 1088 4319 eodem
1104 4272 1171 4318 modo
1182 4279 1206 4318 et
1216 4271 1295 4318 eodem
1310 4271 1400 4333 glutine

306 4353 464 4414 cooperiantur
474 4369 524 4403 aum
536 4369 619 4416 panno,
630 4355 773 4403 mediocriter
789 4369 856 4414 noro,
868 4353 918 4413 lini,
931 4353 967 4402 rel
984 4353 1146 4402 canabi-Ex
1158 4353 1214 4401 Cod.
1228 4353 1284 4415 Ray.
1297 4355 1398 4402 I’arr'n's'.
