<?xml version="1.0" encoding="UTF-8"?>
<!DOCTYPE html PUBLIC "-//W3C//DTD XHTML 1.0 Transitional//EN"
    "http://www.w3.org/TR/xhtml1/DTD/xhtml1-transitional.dtd">
<html xmlns="http://www.w3.org/1999/xhtml" xml:lang="en" lang="en">
 <head>
  <title>
</title>
<meta http-equiv="Content-Type" content="text/html;charset=utf-8" />
  <meta name='ocr-system' content='tesseract 3.04.00' />
  <meta name='ocr-capabilities' content='ocr_page ocr_carea ocr_par ocr_line ocrx_word'/>
</head>
<body>
  <div class='ocr_page' id='page_1' title='image "./theophiliquietr00hendgoog_0108.png"; bbox 0 0 3220 5138; ppageno 0'>
   <div class='ocr_carea' id='block_1_1' title="bbox 667 527 1028 574">
    <p class='ocr_par' dir='ltr' id='par_1_1' title="bbox 667 527 1028 574">
     <span class='ocr_line' id='line_1_1' title="bbox 667 527 1028 574; baseline 0.011 -4"><span class='ocrx_word' id='word_1_1' title='bbox 667 527 856 572; x_wconf 67' lang='lat' dir='ltr'>&#39;caecamur</span> <span class='ocrx_word' id='word_1_2' title='bbox 881 529 982 574; x_wconf 77' lang='lat' dir='ltr'>unsa</span> <span class='ocrx_word' id='word_1_3' title='bbox 1006 531 1028 574; x_wconf 91' lang='lat'>1.</span> 
     </span>
    </p>
   </div>
   <div class='ocr_carea' id='block_1_2' title="bbox 573 791 1126 892">
    <p class='ocr_par' dir='ltr' id='par_1_2' title="bbox 573 791 1126 892">
     <span class='ocr_line' id='line_1_2' title="bbox 573 791 1126 892; baseline 0.002 -4"><span class='ocrx_word' id='word_1_4' title='bbox 573 791 804 888; x_wconf 80' lang='lat' dir='ltr'><strong>CAPUT</strong></span> <span class='ocrx_word' id='word_1_5' title='bbox 860 794 1126 892; x_wconf 87' lang='lat' dir='ltr'><strong>XXXIII.</strong></span> 
     </span>
    </p>
   </div>
   <div class='ocr_carea' id='block_1_3' title="bbox 423 1003 1272 1062">
    <p class='ocr_par' dir='ltr' id='par_1_3' title="bbox 423 1003 1272 1062">
     <span class='ocr_line' id='line_1_3' title="bbox 423 1003 1272 1062; baseline 0.006 -10"><span class='ocrx_word' id='word_1_6' title='bbox 423 1003 468 1050; x_wconf 81' lang='lat' dir='ltr'>DE</span> <span class='ocrx_word' id='word_1_7' title='bbox 492 1009 578 1056; x_wconf 78' lang='lat' dir='ltr'>oum</span> <span class='ocrx_word' id='word_1_8' title='bbox 602 1013 739 1058; x_wconf 80' lang='lat' dir='ltr'>GENERE</span> <span class='ocrx_word' id='word_1_9' title='bbox 761 1014 921 1058; x_wconf 70' lang='lat' dir='ltr'>cuculum</span> <span class='ocrx_word' id='word_1_10' title='bbox 945 1016 982 1058; x_wconf 74' lang='grc' dir='ltr'>ΙΝ</span> <span class='ocrx_word' id='word_1_11' title='bbox 1006 1016 1153 1062; x_wconf 80' lang='lat' dir='ltr'><strong>PICTURA</strong></span> <span class='ocrx_word' id='word_1_12' title='bbox 1177 1013 1272 1059; x_wconf 68' lang='lat' dir='ltr'>sual.</span> 
     </span>
    </p>
   </div>
   <div class='ocr_carea' id='block_1_4' title="bbox 300 1152 1393 1862">
    <p class='ocr_par' dir='ltr' id='par_1_4' title="bbox 303 1152 1393 1303">
     <span class='ocr_line' id='line_1_4' title="bbox 303 1152 1393 1303; baseline 0.003 -81"><span class='ocrx_word' id='word_1_13' title='bbox 303 1152 378 1303; x_wconf 80' lang='lat' dir='ltr'>Sl</span> <span class='ocrx_word' id='word_1_14' title='bbox 395 1161 533 1225; x_wconf 81' lang='lat' dir='ltr'>vesicam</span> <span class='ocrx_word' id='word_1_15' title='bbox 545 1185 609 1229; x_wconf 89' lang='lat' dir='ltr'>non</span> <span class='ocrx_word' id='word_1_16' title='bbox 625 1163 781 1242; x_wconf 83' lang='lat' dir='ltr'>habueris,</span> <span class='ocrx_word' id='word_1_17' title='bbox 797 1185 1024 1250; x_wconf 87' lang='lat' dir='ltr'>pergamenum</span> <span class='ocrx_word' id='word_1_18' title='bbox 1035 1167 1121 1230; x_wconf 87' lang='lat' dir='ltr'>vituli</span> <span class='ocrx_word' id='word_1_19' title='bbox 1131 1166 1267 1252; x_wconf 90' lang='lat' dir='ltr'>spissum</span> <span class='ocrx_word' id='word_1_20' title='bbox 1279 1164 1393 1230; x_wconf 90' lang='lat' dir='ltr'>eodem</span> 
     </span>
    </p>

    <p class='ocr_par' dir='ltr' id='par_1_5' title="bbox 300 1263 1393 1862">
     <span class='ocr_line' id='line_1_5' title="bbox 376 1263 1393 1355; baseline 0.006 -31"><span class='ocrx_word' id='word_1_21' title='bbox 376 1263 472 1329; x_wconf 89' lang='lat' dir='ltr'>modo</span> <span class='ocrx_word' id='word_1_22' title='bbox 495 1264 610 1346; x_wconf 91' lang='lat' dir='ltr'>incide,</span> <span class='ocrx_word' id='word_1_23' title='bbox 630 1267 714 1346; x_wconf 83' lang='lat' dir='ltr'>lava,</span> <span class='ocrx_word' id='word_1_24' title='bbox 737 1275 770 1329; x_wconf 89' lang='lat' dir='ltr'>et</span> <span class='ocrx_word' id='word_1_25' title='bbox 790 1289 901 1352; x_wconf 86' lang='lat' dir='ltr'>coque.</span> <span class='ocrx_word' id='word_1_26' title='bbox 948 1266 1069 1332; x_wconf 91' lang='lat' dir='ltr'>Follem</span> <span class='ocrx_word' id='word_1_27' title='bbox 1095 1291 1222 1355; x_wconf 92' lang='lat' dir='ltr'>quoque</span> <span class='ocrx_word' id='word_1_28' title='bbox 1245 1267 1393 1353; x_wconf 70' lang='lat' dir='ltr'>anguilla</span> 
     </span>
     <span class='ocr_line' id='line_1_6' title="bbox 301 1361 1390 1454; baseline 0.006 -30"><span class='ocrx_word' id='word_1_29' title='bbox 301 1361 538 1448; x_wconf 80' lang='lat' dir='ltr'>diligentissime</span> <span class='ocrx_word' id='word_1_30' title='bbox 564 1389 681 1446; x_wconf 89' lang='lat' dir='ltr'>rasum,</span> <span class='ocrx_word' id='word_1_31' title='bbox 696 1368 829 1432; x_wconf 85' lang='lat' dir='ltr'>incisum</span> <span class='ocrx_word' id='word_1_32' title='bbox 853 1377 886 1432; x_wconf 89' lang='lat' dir='ltr'>et</span> <span class='ocrx_word' id='word_1_33' title='bbox 909 1369 1008 1432; x_wconf 90' lang='lat' dir='ltr'>lotum</span> <span class='ocrx_word' id='word_1_34' title='bbox 1033 1371 1145 1434; x_wconf 86' lang='lat' dir='ltr'>eodem</span> <span class='ocrx_word' id='word_1_35' title='bbox 1164 1370 1260 1435; x_wconf 92' lang='lat' dir='ltr'>modo</span> <span class='ocrx_word' id='word_1_36' title='bbox 1281 1389 1390 1454; x_wconf 89' lang='lat' dir='ltr'>coque.</span> 
     </span>
     <span class='ocr_line' id='line_1_7' title="bbox 301 1463 1390 1558; baseline 0.005 -31"><span class='ocrx_word' id='word_1_37' title='bbox 301 1463 387 1529; x_wconf 89' lang='lat' dir='ltr'>Ossa</span> <span class='ocrx_word' id='word_1_38' title='bbox 412 1490 538 1555; x_wconf 90' lang='lat' dir='ltr'>quoque</span> <span class='ocrx_word' id='word_1_39' title='bbox 562 1471 674 1555; x_wconf 90' lang='lat' dir='ltr'>capitis</span> <span class='ocrx_word' id='word_1_40' title='bbox 701 1471 765 1555; x_wconf 90' lang='lat' dir='ltr'>lupi</span> <span class='ocrx_word' id='word_1_41' title='bbox 782 1470 876 1555; x_wconf 89' lang='lat' dir='ltr'>piscis</span> <span class='ocrx_word' id='word_1_42' title='bbox 899 1471 954 1534; x_wconf 92' lang='lat' dir='ltr'>loti</span> <span class='ocrx_word' id='word_1_43' title='bbox 979 1471 1065 1550; x_wconf 92' lang='lat' dir='ltr'>sicci,</span> <span class='ocrx_word' id='word_1_44' title='bbox 1080 1472 1246 1558; x_wconf 82' lang='lat' dir='ltr'>diligenter</span> <span class='ocrx_word' id='word_1_45' title='bbox 1269 1472 1336 1535; x_wconf 88' lang='lat' dir='ltr'>lota</span> <span class='ocrx_word' id='word_1_46' title='bbox 1359 1471 1390 1532; x_wconf 89' lang='lat' dir='ltr'>in</span> 
     </span>
     <span class='ocr_line' id='line_1_8' title="bbox 300 1568 1391 1658; baseline 0.004 -26"><span class='ocrx_word' id='word_1_47' title='bbox 300 1568 497 1656; x_wconf 79' lang='lat' dir='ltr'>calidaeque</span> <span class='ocrx_word' id='word_1_48' title='bbox 509 1581 566 1651; x_wconf 89' lang='lat' dir='ltr'>ter,</span> <span class='ocrx_word' id='word_1_49' title='bbox 578 1574 622 1636; x_wconf 88' lang='lat' dir='ltr'>ita</span> <span class='ocrx_word' id='word_1_50' title='bbox 637 1594 748 1658; x_wconf 89' lang='lat' dir='ltr'>coque.</span> <span class='ocrx_word' id='word_1_51' title='bbox 795 1571 1024 1658; x_wconf 85' lang='lat' dir='ltr'>Qualecunque</span> <span class='ocrx_word' id='word_1_52' title='bbox 1040 1574 1152 1638; x_wconf 92' lang='lat' dir='ltr'>horum</span> <span class='ocrx_word' id='word_1_53' title='bbox 1165 1574 1300 1653; x_wconf 83' lang='lat' dir='ltr'>coxeris,</span> <span class='ocrx_word' id='word_1_54' title='bbox 1309 1573 1391 1637; x_wconf 86' lang='lat' dir='ltr'>adde</span> 
     </span>
     <span class='ocr_line' id='line_1_9' title="bbox 300 1668 1391 1762; baseline 0.005 -30"><span class='ocrx_word' id='word_1_55' title='bbox 300 1668 329 1732; x_wconf 92' lang='lat' dir='ltr'>ei</span> <span class='ocrx_word' id='word_1_56' title='bbox 344 1671 468 1734; x_wconf 82' lang='lat' dir='ltr'>tertiam</span> <span class='ocrx_word' id='word_1_57' title='bbox 492 1681 614 1758; x_wconf 85' lang='lat' dir='ltr'>partem</span> <span class='ocrx_word' id='word_1_58' title='bbox 638 1673 759 1760; x_wconf 87' lang='lat' dir='ltr'>gummi</span> <span class='ocrx_word' id='word_1_59' title='bbox 785 1673 977 1755; x_wconf 83' lang='lat' dir='ltr'>lucidissimi,</span> <span class='ocrx_word' id='word_1_60' title='bbox 994 1685 1026 1739; x_wconf 90' lang='lat' dir='ltr'>et</span> <span class='ocrx_word' id='word_1_61' title='bbox 1049 1677 1174 1740; x_wconf 90' lang='lat' dir='ltr'>modice</span> <span class='ocrx_word' id='word_1_62' title='bbox 1194 1698 1306 1762; x_wconf 89' lang='lat' dir='ltr'>coque,</span> <span class='ocrx_word' id='word_1_63' title='bbox 1322 1682 1391 1760; x_wconf 93' lang='lat' dir='ltr'>pot-</span> 
     </span>
     <span class='ocr_line' id='line_1_10' title="bbox 300 1771 890 1862; baseline 0.01 -28"><span class='ocrx_word' id='word_1_64' title='bbox 300 1771 423 1857; x_wconf 84' lang='lat' dir='ltr'>erisque</span> <span class='ocrx_word' id='word_1_65' title='bbox 438 1795 562 1839; x_wconf 88' lang='lat' dir='ltr'>servare</span> <span class='ocrx_word' id='word_1_66' title='bbox 577 1775 729 1862; x_wconf 82' lang='lat' dir='ltr'>quamdiu</span> <span class='ocrx_word' id='word_1_67' title='bbox 744 1776 890 1841; x_wconf 87' lang='lat' dir='ltr'>volueris.</span> 
     </span>
    </p>
   </div>
   <div class='ocr_carea' id='block_1_5' title="bbox 578 2177 1107 2279">
    <p class='ocr_par' dir='ltr' id='par_1_6' title="bbox 578 2177 1107 2279">
     <span class='ocr_line' id='line_1_11' title="bbox 578 2177 1107 2279; baseline 0.004 -5"><span class='ocrx_word' id='word_1_68' title='bbox 578 2177 805 2278; x_wconf 82' lang='lat' dir='ltr'><strong>CAPUT</strong></span> <span class='ocrx_word' id='word_1_69' title='bbox 861 2181 1107 2279; x_wconf 91' lang='lat' dir='ltr'><strong>XXXIV.</strong></span> 
     </span>
    </p>
   </div>
   <div class='ocr_carea' id='block_1_6' title="bbox 434 2397 1257 2448">
    <p class='ocr_par' dir='ltr' id='par_1_7' title="bbox 434 2397 1257 2448">
     <span class='ocr_line' id='line_1_12' title="bbox 434 2397 1257 2448; baseline 0.005 -6"><span class='ocrx_word' id='word_1_70' title='bbox 434 2397 605 2448; x_wconf 78' lang='lat' dir='ltr'>QUOMODO</span> <span class='ocrx_word' id='word_1_71' title='bbox 627 2400 776 2445; x_wconf 74' lang='lat' dir='ltr'>comeus</span> <span class='ocrx_word' id='word_1_72' title='bbox 799 2402 837 2445; x_wconf 84' lang='lat' dir='ltr'>IN</span> <span class='ocrx_word' id='word_1_73' title='bbox 860 2403 973 2447; x_wconf 74' lang='lat' dir='ltr'>amma</span> <span class='ocrx_word' id='word_1_74' title='bbox 996 2403 1257 2448; x_wconf 66' lang='lat' dir='ltr'>enucleamus.</span> 
     </span>
    </p>
   </div>
   <div class='ocr_carea' id='block_1_7' title="bbox 294 2543 1388 3535">
    <p class='ocr_par' dir='ltr' id='par_1_8' title="bbox 301 2543 1388 2696">
     <span class='ocr_line' id='line_1_13' title="bbox 301 2543 1388 2696; baseline 0.003 -86"><span class='ocrx_word' id='word_1_75' title='bbox 301 2543 429 2696; x_wconf 89' lang='lat' dir='ltr'>HIS</span> <span class='ocrx_word' id='word_1_76' title='bbox 444 2547 489 2612; x_wconf 90' lang='lat' dir='ltr'>ita</span> <span class='ocrx_word' id='word_1_77' title='bbox 500 2551 695 2648; x_wconf 57' lang='lat' dir='ltr'>peractisfac</span> <span class='ocrx_word' id='word_1_78' title='bbox 709 2560 992 2638; x_wconf 78' lang='lat' dir='ltr'>temperamentum</span> <span class='ocrx_word' id='word_1_79' title='bbox 1004 2576 1043 2617; x_wconf 90' lang='lat' dir='ltr'>ex</span> <span class='ocrx_word' id='word_1_80' title='bbox 1060 2553 1181 2640; x_wconf 86' lang='lat' dir='ltr'>gummi</span> <span class='ocrx_word' id='word_1_81' title='bbox 1197 2550 1388 2616; x_wconf 89' lang='lat' dir='ltr'>lucidissimo</span> 
     </span>
    </p>

    <p class='ocr_par' dir='ltr' id='par_1_9' title="bbox 294 2653 1388 3535">
     <span class='ocr_line' id='line_1_14' title="bbox 401 2653 1388 2742; baseline 0.002 -28"><span class='ocrx_word' id='word_1_82' title='bbox 401 2659 434 2714; x_wconf 91' lang='lat' dir='ltr'>et</span> <span class='ocrx_word' id='word_1_83' title='bbox 448 2673 533 2738; x_wconf 90' lang='lat' dir='ltr'>aqua</span> <span class='ocrx_word' id='word_1_84' title='bbox 548 2653 630 2716; x_wconf 89' lang='lat' dir='ltr'>sicut</span> <span class='ocrx_word' id='word_1_85' title='bbox 645 2675 749 2741; x_wconf 86' lang='lat' dir='ltr'>supra,</span> <span class='ocrx_word' id='word_1_86' title='bbox 765 2663 798 2718; x_wconf 91' lang='lat' dir='ltr'>et</span> <span class='ocrx_word' id='word_1_87' title='bbox 819 2663 961 2742; x_wconf 91' lang='lat' dir='ltr'>tempera</span> <span class='ocrx_word' id='word_1_88' title='bbox 978 2678 1090 2720; x_wconf 88' lang='lat' dir='ltr'>omncs</span> <span class='ocrx_word' id='word_1_89' title='bbox 1105 2656 1239 2730; x_wconf 89' lang='lat' dir='ltr'>colores,</span> <span class='ocrx_word' id='word_1_90' title='bbox 1255 2663 1388 2738; x_wconf 89' lang='lat' dir='ltr'>excepto</span> 
     </span>
     <span class='ocr_line' id='line_1_15' title="bbox 297 2739 1388 2836; baseline 0.002 -20"><span class='ocrx_word' id='word_1_91' title='bbox 297 2753 398 2834; x_wconf 89' lang='lat' dir='ltr'>viridi,</span> <span class='ocrx_word' id='word_1_92' title='bbox 422 2763 454 2818; x_wconf 96' lang='lat' dir='ltr'>et</span> <span class='ocrx_word' id='word_1_93' title='bbox 484 2739 607 2834; x_wconf 76' lang='lat' dir='ltr'>caroea,</span> <span class='ocrx_word' id='word_1_94' title='bbox 634 2763 667 2819; x_wconf 90' lang='lat' dir='ltr'>et</span> <span class='ocrx_word' id='word_1_95' title='bbox 695 2756 803 2836; x_wconf 88' lang='lat' dir='ltr'>minio,</span> <span class='ocrx_word' id='word_1_96' title='bbox 819 2766 852 2821; x_wconf 89' lang='lat' dir='ltr'>et</span> <span class='ocrx_word' id='word_1_97' title='bbox 875 2756 1005 2822; x_wconf 87' lang='lat' dir='ltr'>carmin.</span> <span class='ocrx_word' id='word_1_98' title='bbox 1051 2757 1159 2820; x_wconf 90' lang='lat' dir='ltr'>Viride</span> <span class='ocrx_word' id='word_1_99' title='bbox 1182 2757 1300 2820; x_wconf 88' lang='lat' dir='ltr'>salsum</span> <span class='ocrx_word' id='word_1_100' title='bbox 1322 2777 1388 2819; x_wconf 87' lang='lat' dir='ltr'>non</span> 
     </span>
     <span class='ocr_line' id='line_1_16' title="bbox 296 2856 1387 2946; baseline -0.001 -26"><span class='ocrx_word' id='word_1_101' title='bbox 296 2857 380 2920; x_wconf 86' lang='lat' dir='ltr'>valet</span> <span class='ocrx_word' id='word_1_102' title='bbox 393 2857 425 2918; x_wconf 87' lang='lat' dir='ltr'>in</span> <span class='ocrx_word' id='word_1_103' title='bbox 440 2856 531 2919; x_wconf 87' lang='lat' dir='ltr'>libro.</span> <span class='ocrx_word' id='word_1_104' title='bbox 576 2857 685 2922; x_wconf 89' lang='lat' dir='ltr'>Viride</span> <span class='ocrx_word' id='word_1_105' title='bbox 699 2857 907 2943; x_wconf 87' lang='lat' dir='ltr'>Hispanicum</span> <span class='ocrx_word' id='word_1_106' title='bbox 918 2859 1109 2946; x_wconf 87' lang='lat' dir='ltr'>temperabis</span> <span class='ocrx_word' id='word_1_107' title='bbox 1126 2861 1199 2924; x_wconf 90' lang='lat' dir='ltr'>vino</span> <span class='ocrx_word' id='word_1_108' title='bbox 1214 2880 1303 2944; x_wconf 92' lang='lat' dir='ltr'>puro,</span> <span class='ocrx_word' id='word_1_109' title='bbox 1319 2857 1387 2923; x_wconf 91' lang='lat' dir='ltr'>etsi</span> 
     </span>
     <span class='ocr_line' id='line_1_17' title="bbox 297 2957 1387 3050; baseline 0.002 -29"><span class='ocrx_word' id='word_1_110' title='bbox 297 2958 430 3021; x_wconf 83' lang='lat' dir='ltr'>volueris</span> <span class='ocrx_word' id='word_1_111' title='bbox 454 2957 583 3022; x_wconf 87' lang='lat' dir='ltr'>umbras</span> <span class='ocrx_word' id='word_1_112' title='bbox 607 2958 720 3037; x_wconf 88' lang='lat' dir='ltr'>facere,</span> <span class='ocrx_word' id='word_1_113' title='bbox 745 2959 827 3023; x_wconf 92' lang='lat' dir='ltr'>adde</span> <span class='ocrx_word' id='word_1_114' title='bbox 854 2961 1013 3024; x_wconf 88' lang='lat' dir='ltr'>modicum</span> <span class='ocrx_word' id='word_1_115' title='bbox 1040 2983 1150 3025; x_wconf 91' lang='lat' dir='ltr'>sucum</span> <span class='ocrx_word' id='word_1_116' title='bbox 1173 2961 1310 3050; x_wconf 83' lang='lat' dir='ltr'>gladioli,</span> <span class='ocrx_word' id='word_1_117' title='bbox 1337 2961 1387 3024; x_wconf 87' lang='lat' dir='ltr'>vel</span> 
     </span>
     <span class='ocr_line' id='line_1_18' title="bbox 296 3059 1387 3149; baseline 0.003 -26"><span class='ocrx_word' id='word_1_118' title='bbox 296 3059 378 3123; x_wconf 89' lang='lat' dir='ltr'>cauli</span> <span class='ocrx_word' id='word_1_119' title='bbox 393 3059 443 3122; x_wconf 89' lang='lat' dir='ltr'>vel</span> <span class='ocrx_word' id='word_1_120' title='bbox 467 3059 560 3144; x_wconf 85' lang='lat' dir='ltr'>porri.</span> <span class='ocrx_word' id='word_1_121' title='bbox 608 3059 746 3123; x_wconf 87' lang='lat' dir='ltr'>Minium</span> <span class='ocrx_word' id='word_1_122' title='bbox 772 3069 805 3125; x_wconf 91' lang='lat' dir='ltr'>et</span> <span class='ocrx_word' id='word_1_123' title='bbox 830 3083 973 3126; x_wconf 84' lang='lat' dir='ltr'>carosam</span> <span class='ocrx_word' id='word_1_124' title='bbox 999 3072 1032 3126; x_wconf 92' lang='lat' dir='ltr'>et</span> <span class='ocrx_word' id='word_1_125' title='bbox 1054 3065 1175 3128; x_wconf 88' lang='lat' dir='ltr'>carmin</span> <span class='ocrx_word' id='word_1_126' title='bbox 1196 3063 1387 3149; x_wconf 88' lang='lat' dir='ltr'>temperabis</span> 
     </span>
     <span class='ocr_line' id='line_1_19' title="bbox 294 3161 1386 3251; baseline 0.003 -26"><span class='ocrx_word' id='word_1_127' title='bbox 294 3162 390 3226; x_wconf 89' lang='lat' dir='ltr'>claro.</span> <span class='ocrx_word' id='word_1_128' title='bbox 436 3161 558 3225; x_wconf 91' lang='lat' dir='ltr'>Omnes</span> <span class='ocrx_word' id='word_1_129' title='bbox 581 3161 734 3226; x_wconf 84' lang='lat' dir='ltr'>mixturas</span> <span class='ocrx_word' id='word_1_130' title='bbox 749 3163 901 3242; x_wconf 91' lang='lat' dir='ltr'>colorum,</span> <span class='ocrx_word' id='word_1_131' title='bbox 918 3163 945 3226; x_wconf 92' lang='lat' dir='ltr'>si</span> <span class='ocrx_word' id='word_1_132' title='bbox 959 3163 1132 3249; x_wconf 81' lang='lat' dir='ltr'>indigueris</span> <span class='ocrx_word' id='word_1_133' title='bbox 1146 3164 1187 3228; x_wconf 89' lang='lat' dir='ltr'>ad</span> <span class='ocrx_word' id='word_1_134' title='bbox 1210 3165 1386 3251; x_wconf 86' lang='lat' dir='ltr'>pingendas</span> 
     </span>
     <span class='ocr_line' id='line_1_20' title="bbox 295 3264 1386 3352; baseline 0.005 -26"><span class='ocrx_word' id='word_1_135' title='bbox 295 3265 459 3352; x_wconf 84' lang='lat' dir='ltr'>imagines,</span> <span class='ocrx_word' id='word_1_136' title='bbox 483 3287 640 3351; x_wconf 89' lang='lat' dir='ltr'>compone</span> <span class='ocrx_word' id='word_1_137' title='bbox 667 3265 698 3328; x_wconf 87' lang='lat' dir='ltr'>iu</span> <span class='ocrx_word' id='word_1_138' title='bbox 724 3264 805 3328; x_wconf 93' lang='lat' dir='ltr'>libro</span> <span class='ocrx_word' id='word_1_139' title='bbox 831 3273 867 3328; x_wconf 92' lang='lat' dir='ltr'>ut</span> <span class='ocrx_word' id='word_1_140' title='bbox 893 3287 998 3350; x_wconf 85' lang='lat' dir='ltr'>supra.</span> <span class='ocrx_word' id='word_1_141' title='bbox 1044 3265 1165 3330; x_wconf 90' lang='lat' dir='ltr'>Omnes</span> <span class='ocrx_word' id='word_1_142' title='bbox 1189 3268 1311 3331; x_wconf 86' lang='lat' dir='ltr'>colores</span> <span class='ocrx_word' id='word_1_143' title='bbox 1337 3267 1386 3331; x_wconf 91' lang='lat' dir='ltr'>bis</span> 
     </span>
     <span class='ocr_line' id='line_1_21' title="bbox 294 3367 1385 3455; baseline 0 -24"><span class='ocrx_word' id='word_1_144' title='bbox 294 3369 430 3454; x_wconf 90' lang='lat' dir='ltr'>ponendi</span> <span class='ocrx_word' id='word_1_145' title='bbox 447 3375 521 3432; x_wconf 92' lang='lat' dir='ltr'>sunt</span> <span class='ocrx_word' id='word_1_146' title='bbox 535 3368 567 3430; x_wconf 89' lang='lat' dir='ltr'>in</span> <span class='ocrx_word' id='word_1_147' title='bbox 579 3367 669 3446; x_wconf 88' lang='lat' dir='ltr'>libro,</span> <span class='ocrx_word' id='word_1_148' title='bbox 682 3368 715 3429; x_wconf 89' lang='lat' dir='ltr'>in</span> <span class='ocrx_word' id='word_1_149' title='bbox 730 3367 837 3452; x_wconf 84' lang='lat' dir='ltr'>primis</span> <span class='ocrx_word' id='word_1_150' title='bbox 850 3368 1042 3448; x_wconf 89' lang='lat' dir='ltr'>tenuissime,</span> <span class='ocrx_word' id='word_1_151' title='bbox 1058 3369 1173 3434; x_wconf 90' lang='lat' dir='ltr'>deinde</span> <span class='ocrx_word' id='word_1_152' title='bbox 1183 3369 1315 3455; x_wconf 89' lang='lat' dir='ltr'>spissius</span> <span class='ocrx_word' id='word_1_153' title='bbox 1320 3395 1329 3450; x_wconf 84' lang='lat'>3</span> <span class='ocrx_word' id='word_1_154' title='bbox 1352 3369 1385 3431; x_wconf 93' lang='lat' dir='ltr'>in</span> 
     </span>
     <span class='ocr_line' id='line_1_22' title="bbox 294 3471 601 3535; baseline -0.003 -1"><span class='ocrx_word' id='word_1_155' title='bbox 294 3471 390 3534; x_wconf 84' lang='lat' dir='ltr'>literis</span> <span class='ocrx_word' id='word_1_156' title='bbox 405 3492 479 3535; x_wconf 88' lang='lat' dir='ltr'>vero</span> <span class='ocrx_word' id='word_1_157' title='bbox 494 3471 601 3535; x_wconf 91' lang='lat' dir='ltr'>semel.</span> 
     </span>
    </p>
   </div>
   <div class='ocr_carea' id='block_1_8' title="bbox 593 3855 1082 3955">
    <p class='ocr_par' dir='ltr' id='par_1_10' title="bbox 593 3855 1082 3955">
     <span class='ocr_line' id='line_1_23' title="bbox 593 3855 1082 3955; baseline -0.002 -4"><span class='ocrx_word' id='word_1_158' title='bbox 593 3855 820 3954; x_wconf 86' lang='lat' dir='ltr'><strong>CAPUT</strong></span> <span class='ocrx_word' id='word_1_159' title='bbox 878 3857 1082 3955; x_wconf 90' lang='lat' dir='ltr'><strong>XXXV.</strong></span> 
     </span>
    </p>
   </div>
   <div class='ocr_carea' id='block_1_9' title="bbox 454 4077 1221 4124">
    <p class='ocr_par' dir='ltr' id='par_1_11' title="bbox 454 4077 1221 4124">
     <span class='ocr_line' id='line_1_24' title="bbox 454 4077 1221 4124; baseline 0.001 -4"><span class='ocrx_word' id='word_1_160' title='bbox 454 4077 499 4121; x_wconf 82' lang='lat' dir='ltr'>OE</span> <span class='ocrx_word' id='word_1_161' title='bbox 522 4077 716 4121; x_wconf 79' lang='lat' dir='ltr'><strong>GENERIBUS</strong></span> <span class='ocrx_word' id='word_1_162' title='bbox 741 4077 780 4120; x_wconf 79' lang='lat' dir='ltr'>ET</span> <span class='ocrx_word' id='word_1_163' title='bbox 803 4079 1094 4123; x_wconf 64' lang='lat' dir='ltr'>campanensem</span> <span class='ocrx_word' id='word_1_164' title='bbox 1118 4077 1221 4124; x_wconf 73' lang='lat' dir='ltr'>eom.</span> 
     </span>
    </p>
   </div>
   <div class='ocr_carea' id='block_1_10' title="bbox 291 4225 1382 4520">
    <p class='ocr_par' dir='ltr' id='par_1_12' title="bbox 291 4225 1382 4520">
     <span class='ocr_line' id='line_1_25' title="bbox 295 4225 1380 4378; baseline 0.003 -87"><span class='ocrx_word' id='word_1_165' title='bbox 295 4225 463 4378; x_wconf 81' lang='lat' dir='ltr'>FOLII</span> <span class='ocrx_word' id='word_1_166' title='bbox 480 4229 539 4292; x_wconf 90' lang='lat' dir='ltr'>tn&#39;a</span> <span class='ocrx_word' id='word_1_167' title='bbox 559 4238 633 4292; x_wconf 92' lang='lat' dir='ltr'>sunt</span> <span class='ocrx_word' id='word_1_168' title='bbox 653 4251 779 4315; x_wconf 85' lang='lat' dir='ltr'>genera,</span> <span class='ocrx_word' id='word_1_169' title='bbox 799 4251 898 4292; x_wconf 88' lang='lat' dir='ltr'>unum</span> <span class='ocrx_word' id='word_1_170' title='bbox 918 4230 1060 4310; x_wconf 90' lang='lat' dir='ltr'>rubeum,</span> <span class='ocrx_word' id='word_1_171' title='bbox 1075 4231 1159 4294; x_wconf 90' lang='lat' dir='ltr'>aliud</span> <span class='ocrx_word' id='word_1_172' title='bbox 1181 4251 1380 4316; x_wconf 91' lang='lat' dir='ltr'>purpureum,</span> 
     </span>
     <span class='ocr_line' id='line_1_26' title="bbox 368 4331 1382 4417; baseline 0.002 -23"><span class='ocrx_word' id='word_1_173' title='bbox 368 4332 492 4395; x_wconf 90' lang='lat' dir='ltr'>tertium</span> <span class='ocrx_word' id='word_1_174' title='bbox 507 4331 695 4416; x_wconf 87' lang='lat' dir='ltr'>saphireum,</span> <span class='ocrx_word' id='word_1_175' title='bbox 711 4353 781 4417; x_wconf 76' lang='lat' dir='ltr'>quas</span> <span class='ocrx_word' id='word_1_176' title='bbox 796 4331 842 4395; x_wconf 87' lang='lat' dir='ltr'>sic</span> <span class='ocrx_word' id='word_1_177' title='bbox 862 4331 1061 4416; x_wconf 80' lang='lat' dir='ltr'>temperabis.</span> <span class='ocrx_word' id='word_1_178' title='bbox 1105 4331 1194 4396; x_wconf 86' lang='lat' dir='ltr'>Tolle</span> <span class='ocrx_word' id='word_1_179' title='bbox 1214 4333 1334 4396; x_wconf 86' lang='lat' dir='ltr'>cineres</span> <span class='ocrx_word' id='word_1_180' title='bbox 1350 4343 1382 4396; x_wconf 95' lang='lat' dir='ltr'>et</span> 
     </span>
     <span class='ocr_line' id='line_1_27' title="bbox 291 4433 1380 4520; baseline 0.004 -26"><span class='ocrx_word' id='word_1_181' title='bbox 291 4433 392 4497; x_wconf 83' lang='lat' dir='ltr'>cribra</span> <span class='ocrx_word' id='word_1_182' title='bbox 416 4457 470 4499; x_wconf 89' lang='lat' dir='ltr'>cos</span> <span class='ocrx_word' id='word_1_183' title='bbox 487 4456 541 4520; x_wconf 85' lang='lat' dir='ltr'>per</span> <span class='ocrx_word' id='word_1_184' title='bbox 564 4457 714 4520; x_wconf 88' lang='lat' dir='ltr'>pannum,</span> <span class='ocrx_word' id='word_1_185' title='bbox 731 4445 761 4496; x_wconf 89' lang='lat' dir='ltr'>et</span> <span class='ocrx_word' id='word_1_186' title='bbox 786 4433 976 4518; x_wconf 86' lang='lat' dir='ltr'>perfundens</span> <span class='ocrx_word' id='word_1_187' title='bbox 999 4456 1053 4498; x_wconf 88' lang='lat' dir='ltr'>eos</span> <span class='ocrx_word' id='word_1_188' title='bbox 1078 4433 1162 4520; x_wconf 74' lang='lat' dir='ltr'>aqud</span> <span class='ocrx_word' id='word_1_189' title='bbox 1185 4433 1308 4520; x_wconf 70' lang='lat' dir='ltr'>frigide,</span> <span class='ocrx_word' id='word_1_190' title='bbox 1330 4434 1380 4498; x_wconf 89' lang='lat' dir='ltr'>fac</span> 
     </span>
    </p>
   </div>
   <div class='ocr_carea' id='block_1_11' title="bbox 0 0 1614 5138">
    <p class='ocr_par' dir='ltr' id='par_1_13' title="bbox 0 0 1614 5138">
     <span class='ocr_line' id='line_1_28' title="bbox 0 0 1614 5138; baseline 0 5"><span class='ocrx_word' id='word_1_191' title='bbox 0 0 1614 5138; x_wconf 95' lang='lat' dir='ltr'> </span> 
     </span>
    </p>
   </div>
  </div>
 </body>
</html>
