3236 5144
280 493 347 558 2¹38
634 511 826 556 ranorum
851 511 954 556 unu
976 510 1029 554 ur.

282 659 350 738 fiat,
371 657 571 742 ejectumque
597 656 671 720 inde
694 657 789 734 aioca,
809 670 843 720 et
867 657 953 744 quod
978 657 1134 720 minutam
1158 665 1208 720 est
1229 656 1319 720 mitte
1344 657 1377 718 in

281 779 418 846 pennam
433 759 553 820 ameria
567 769 664 844 etque
679 759 821 838 obstrue,
834 759 921 846 quod
937 780 1011 822 rero
1033 757 1175 844 grocdus
1188 767 1247 836 eat,
1262 758 1377 821 iterum

281 859 432 924 miuein
462 861 801 940 metcomminne,
830 884 1017 948 rursumque
1047 859 1377 926 siccatummittein

280 965 412 1028 alteram
427 983 577 1048 penmm.

593 1393 825 1490 CAPUT
871 1395 1063 1490 XXIX.

603 1627 649 1670 DE
672 1627 876 1672 moranno
900 1629 1059 1672 uiuum.

284 1789 579 1944 CUMQUEaic
589 1793 693 1878 piures
705 1813 827 1880 pennas
837 1793 1024 1877 impleveris,
1034 1793 1143 1879 accipe
1151 1793 1375 1882 gummi,quod

362 1905 493 1958 vocatur
499 1895 694 1981 parahaa',et
700 1895 884 1980 particulam
896 1897 964 1980 ejus
974 1905 1041 1959 tere
1052 1917 1126 1960 cunr
1135 1897 1374 1982 aquaineodem

282 2018 356 2060 vaae
367 1999 421 2075 ita,
437 2007 472 2060 ut
485 2019 525 2062 ex
541 2021 579 2062 eo
596 1997 647 2060 vix
660 2018 743 2085 aqua
754 1997 880 2061 turbida
892 1997 958 2074 fiat,
968 1997 1113 2060 etlocum
1129 2019 1225 2084 quem
1241 1998 1376 2063 volueris

280 2099 446 2185 denigrare
471 2121 544 2164 cum
569 2101 638 2186 ipsa
663 2122 749 2186 aqua
773 2101 823 2163 fac
847 2099 1012 2162 humidum
1035 2099 1131 2184 prius,
1155 2101 1376 2187 accipiensque

281 2219 418 2286 pennam
433 2219 506 2262 cum
521 2199 582 2262 leri
597 2197 679 2262 ferro
695 2207 809 2262 excute
823 2197 932 2260 tritum
944 2197 1095 2282 nigellum
1111 2220 1205 2285 super
1219 2220 1291 2262 eum
1306 2199 1376 2263 dili-

280 2309 392 2386 genter
420 2301 522 2366 donec
551 2310 655 2364 toturn
692 2300 865 2386 cooperias,
896 2299 1004 2385 sicque
1039 2321 1095 2385 per
1125 2300 1233 2363 omnia
1269 2299 1374 2362 facies.

284 2403 408 2468 Deinde
423 2425 579 2490 compone
594 2403 748 2468 carbones
759 2403 887 2488 copiose
902 2423 1066 2480 accensos,
1078 2411 1110 2466 et
1124 2403 1157 2465 in
1172 2421 1228 2466 eos
1244 2402 1375 2464 mineum

281 2525 337 2568 raa
352 2503 519 2590 diligenter
540 2504 667 2591 cooperi
682 2505 738 2583 sic,
756 2513 791 2566 ut
806 2525 899 2589 super
913 2505 1064 2590 nigellum
1079 2506 1183 2569 nullus
1205 2505 1301 2570 carbo
1316 2527 1375 2592 po-

281 2615 385 2686 natur,
401 2627 459 2670 nec
483 2607 586 2670 cadat.
632 2605 778 2693 Cumque
794 2607 996 2692 liqueffictum
1012 2607 1115 2687 merit,
1129 2617 1202 2672 tene
1225 2629 1282 2670 ras
1301 2629 1376 2671 cum

281 2709 409 2796 forcipe,
426 2717 457 2773 et
472 2719 559 2773 verte
574 2731 613 2774 ex
629 2710 716 2773 omui
732 2719 832 2796 parte,
848 2709 913 2795 qud
929 2709 1027 2773 fluere
1043 2710 1171 2790 videris,
1186 2719 1218 2774 et
1237 2710 1282 2773 ita
1298 2733 1376 2774 con-

281 2812 431 2876 vertendo
455 2833 532 2876 cave
547 2833 587 2876 ne
610 2811 642 2874 in
658 2821 774 2876 terram
799 2811 948 2898 nigellum
964 2812 1068 2876 cadat„
1113 2812 1208 2886 Quod
1225 2815 1258 2877 in
1273 2814 1375 2898 primo

280 2913 383 2976 colore
399 2933 463 2976 non
488 2912 582 2978 fuerit
603 2914 732 2998 pienum
748 2936 804 3000 per
827 2913 945 2992 omnia,
960 2915 1065 2978 denuo
1080 2914 1131 2978 fac
1153 2913 1328 2996 humidum,
1344 2927 1376 2979 et

281 3035 456 3100 superpone
473 3022 508 3077 ut
523 3015 618 3100 prius,
634 3025 666 3078 et
681 3037 758 3079 care
773 3015 940 3101 diligenter
954 3037 994 3080 ue
1009 3017 1079 3102 plus
1095 3039 1175 3103 opus
1190 3019 1239 3082 aii„

601 3463 825 3562 CAPUT
882 3463 1037 3560 XXX.

510 3689 555 3734 DE
578 3689 774 3734 PUNDENDIS
796 3689 979 3734 numum-18
1002 3690 1143 3736 cumula.

342 3819 354 3886 1
381 3820 516 3886 volucria
545 3843 636 3886 aurea
658 3819 747 3885 calici
772 3841 940 3908 apponere,
964 3843 1039 3886 mox
1067 3831 1103 3887 ut
1128 3826 1317 3910 percusseris
1343 3837 1376 3891 ct

361 3923 483 4004 ranerio,
499 3923 681 4012 priusquam
697 3923 800 4008 operis
823 3923 907 3987 aliud
924 3923 956 3987 in
972 3947 1010 3988 eo
1025 3927 1101 4013 quid
1118 3927 1227 4007 facias,
1243 3927 1376 4014 acceptd

278 4029 352 4096 ceri
373 4027 474 4094 forma
488 4027 562 4092 iude
588 4048 689 4106 aures,
705 4035 737 4090 et
751 4024 862 4112 sculpe
883 4026 917 4089 in
933 4027 979 4090 eis
993 4027 1148 4094 dracones
1169 4030 1235 4094 sive
1257 4028 1374 4094 bestias

278 4142 334 4198 aut
355 4155 440 4212 aver,
455 4131 504 4194 vel
519 4129 594 4195 folia
617 4128 914 4216 quomodocumque
929 4129 1026 4193 modo
1043 4131 1187 4196 volueris.
1235 4131 1274 4195 ln
1288 4151 1375 4195 sum-

279 4235 386 4302 mitate
403 4257 476 4302 vero
498 4233 658 4318 utriusque
681 4231 764 4294 auris
781 4251 863 4314 pone
888 4252 999 4316 parum
1019 4253 1109 4312 cerm,
1125 4233 1278 4312 rotunde,
1294 4232 1375 4297 sicut

636 4441 642 4470 ¹
660 4443 676 4470 ‘¹
687 4439 804 4500 bmbrsf'
816 4439 844 4488 in
857 4440 913 4488 θαι·
928 4441 1027 4503 θιωίρλ.
