3140 5152
606 465 799 509 'rusorulur
823 465 928 508 LIBER
952 465 1005 508 III.

538 783 768 880 CAPUT
829 781 1093 879 LXVIII.

485 1033 660 1086 Quam‘ran
685 1033 894 1080 DBAURETUR
916 1033 1150 1092 auaroamurr.

361 1211 583 1278 EAURARE
612 1213 660 1278 ris
696 1213 791 1298 Igitur
822 1211 1015 1276 thuribulum
1049 1235 1088 1278 ex
1119 1213 1286 1292 auricalco,
1319 1215 1374 1279 fac

403 1317 515 1380 eodem
531 1315 627 1380 modo
649 1313 730 1379 siout
751 1314 894 1400 superius
909 1314 1067 1380 deaurasti
1083 1317 1237 1381 auriculas
1253 1338 1373 1403 argen-

270 1421 312 1484 tei
328 1419 442 1500 calicis,
458 1419 514 1484 sed
537 1441 611 1484 cum
634 1419 746 1505 majori
761 1419 895 1498 cautela,
910 1418 985 1506 quia
1003 1427 1169 1504 argentum
1184 1427 1216 1482 et
1231 1419 1373 1504 simplex

270 1545 402 1610 cuprum
426 1523 547 1587 facilius
568 1521 713 1586 deaurari
736 1529 869 1607 possunt
895 1541 991 1609 quam
1014 1521 1215 1585 auricalcum.
1260 1519 1372 1584 Debet

270 1626 354 1690 enim
377 1626 535 1691 morosius
553 1633 586 1690 et
603 1623 783 1710 diligentius
803 1623 935 1687 invivari
954 1631 986 1687 et
1007 1622 1138 1710 spissius
1159 1623 1313 1702 deaurari,
1338 1632 1373 1686 et

270 1728 464 1815 frequentius
479 1727 588 1807 lavari,
604 1735 636 1792 et
652 1725 770 1790 diutius
785 1724 906 1790 siccari.
950 1723 1048 1801 Quod
1063 1747 1136 1790 cum
1152 1727 1283 1812 coeperit
1297 1747 1370 1791 cro-

269 1852 361 1895 ceum
384 1830 522 1895 colorem
544 1828 679 1907 trahere,
701 1828 728 1891 si
750 1827 864 1892 videris
890 1827 978 1892 albas
1003 1829 1144 1892 maculas
1165 1829 1305 1916 undique
1327 1851 1370 1892 ex

269 1931 343 1996 inde
359 1932 455 2010 exire,
471 1939 506 1994 ut
520 1931 621 1995 nolint
635 1929 796 2016 aqualiter
807 1929 927 2009 siccari,
943 1929 1012 1994 hmo
1026 1938 1075 1994 est
1086 1931 1179 2016 culpa
1189 1931 1370 2014 calamina,

270 2033 355 2119 quod
371 2054 436 2096 non
451 2031 538 2112 fuit¹,
555 2031 636 2096 bene
653 2039 821 2118 purgatum
844 2039 877 2096 et
898 2041 1077 2112 excoctum,
1097 2033 1182 2118 quod
1198 2033 1243 2096 sic
1258 2055 1371 2096 emen·

270 2134 371 2199 dabis.
408 2132 498 2199 Tolle
513 2133 650 2220 smigma
660 2143 693 2198 et
704 2155 787 2220 pone
799 2133 832 2198 in
843 2135 1006 2198 vasculum
1018 2135 1181 2212 mundum,
1195 2144 1227 2200 et
1237 2135 1370 2199 infunde

270 2235 298 2302 ei
314 2257 441 2324 aquam,
465 2245 496 2300 et
511 2236 619 2323 digitis
642 2237 703 2301 tuis
725 2237 816 2324 quasi
839 2235 976 2301 lavando
999 2237 1169 2302 commisce
1191 2237 1371 2323 diligenter,

269 2341 372 2404 donec
395 2341 452 2405 fiat
473 2341 564 2428 quasi
586 2340 639 2406 fex
661 2339 829 2418 cerevisia,
857 2345 952 2424 atque
975 2359 1048 2401 cum
1070 2337 1147 2400 setis
1169 2337 1256 2423 porci
1279 2337 1372 2401 linies

270 2443 347 2507 illud
360 2444 523 2530 aqualiter
533 2465 590 2531 per
600 2443 707 2508 omnia
718 2461 813 2526 super
823 2440 1011 2504 deauratum
1023 2439 1204 2504 turibulum.
1243 2439 1373 2504 Deinde

270 2567 354 2631 pone
369 2568 465 2632 super
484 2547 649 2626 carbones,
672 2553 704 2608 et
719 2553 786 2608 tam
801 2542 855 2606 diu
869 2541 1000 2623 calefac,
1022 2541 1125 2607 donec
1145 2541 1301 2607 confectio
1316 2543 1373 2607 illa

269 2647 402 2734 incipiat
417 2647 605 2734 nigrescere,
628 2655 662 2710 et
675 2645 721 2710 sic
736 2647 863 2710 elevans
878 2666 951 2709 cum
968 2643 1085 2730 forcipe
1106 2665 1163 2729 per
1177 2643 1284 2708 omnia
1298 2644 1373 2706 dili-

270 2759 383 2834 genter
396 2769 547 2836 asperges
562 2749 659 2836 aqmi,
670 2748 777 2834 sicque
790 2747 921 2826 lavabis,
933 2755 965 2809 et
979 2768 1052 2810 cum
1069 2745 1129 2810 filis
1144 2767 1184 2810 ex
1200 2745 1371 2825 auricalco,

270 2858 424 2935 utsupra
452 2850 573 2914 dIctum
603 2861 661 2930 est,
685 2849 795 2936 polies.
842 2848 916 2924 Quo
941 2849 1026 2914 facto
1050 2869 1174 2912 rursum
1196 2846 1371 2910 circumfri-

271 2949 359 3014 cabis
371 2973 444 3014 cum
456 2951 654 3015 confectione
666 2951 779 3014 vinicei
794 2951 919 3036 lapidis,
930 2959 963 3015 et
977 2950 1049 3016 vivo
1063 2959 1207 3036 argento,
1218 2960 1251 3014 et
1264 2951 1372 3014 denuo

271 3052 438 3117 deaurabis
453 3061 581 3139 propter
601 3054 737 3118 calorem
753 3052 938 3133 carbonum,
958 3053 1012 3141 qui
1028 3051 1144 3139 sapius
1159 3052 1192 3116 in
1206 3050 1281 3116 illud
1297 3051 1371 3114 mit-

272 3164 388 3236 tuntur,
418 3177 458 3218 ne
484 3155 577 3236 forte,
606 3154 634 3219 si
660 3163 754 3220 tenue
784 3153 969 3219 deauratum
996 3154 1099 3234 fuerit,
1125 3155 1229 3240 ipsum
1256 3176 1370 3218 aurum

271 3259 485 3339 comburatur,
511 3257 619 3346 sicque
641 3257 754 3322 iterum
777 3258 876 3343 polias
898 3280 972 3321 cum
992 3257 1066 3338 filis,
1092 3278 1130 3321 ac
1145 3257 1250 3322 denuo
1274 3279 1372 3342 super

271 3361 425 3426 carbones
447 3383 546 3448 pones
568 3361 687 3426 diutius
715 3360 913 3439 calefaciens,
942 3357 1046 3424 donee
1067 3358 1200 3423 rubeum
1230 3359 1370 3423 colorem

271 3462 385 3542 trahat,
408 3481 440 3528 et
454 3485 529 3528 mox
552 3463 749 3548 refrigerabis
768 3462 801 3526 in
822 3482 918 3549 aqua,
940 3469 972 3524 et
992 3483 1065 3524 cum
1085 3461 1173 3524 fenis
1195 3461 1371 3548 aequalibus

271 3572 303 3625 et
316 3563 357 3626 ad
374 3562 434 3627 hoc
454 3565 537 3649 aptis
552 3565 663 3650 polies,
684 3563 791 3650 sicque
807 3584 880 3627 cum
901 3569 1078 3627 atramento
1094 3562 1261 3628 combusto
1276 3563 1367 3628 iuco-

270 3663 398 3742 lorabis,
414 3674 450 3729 ut
464 3664 677 3752 praedirimus.

305 3882 311 3912 ¹
330 3883 473 3948 “aqualiter
482 3884 613 3946 amana,
623 3883 672 3934 riva
682 3884 778 3948 plumbi,
789 3885 850 3948 quod
860 3899 954 3950 cuprum
965 3901 1011 3935 non
1022 3884 1067 3935 fuit
1075 3885 1088 3906 ’⁸
1099 3887 1140 3936 Ea
1151 3887 1207 3936 God.
1218 3885 1316 3949 ocupa
