3168 5140
277 438 342 504 412
737 460 915 506 annuum.

275 616 309 672 st
329 615 405 673 tunc
427 609 581 696 recipiunt
602 610 679 674 illud
704 609 816 674 leniter
837 610 871 673 in
892 631 967 674 vase
989 631 1107 696 cupreo
1129 613 1179 675 vel
1201 612 1312 694 vitreo,
1343 621 1379 677 et

275 711 388 774 itemm
410 711 580 776 infundunt
601 713 710 776 vinum
732 735 827 799 super
849 712 943 792 feces,
974 721 1006 775 et
1028 722 1187 797 reponunt
1207 714 1241 777 in
1262 735 1377 799 supra·

275 810 362 875 dicto
376 812 458 891 ioco,
479 821 512 876 et
526 813 571 878 sic
588 814 708 878 faciunt
722 837 778 900 per
792 823 894 879 totum
909 835 1039 892 annum,
1063 815 1216 879 addentes
1231 815 1377 902 aliquan-

275 915 378 978 tulum
407 915 447 978 de
476 915 577 979 viridi.
623 915 688 992 Qui
717 925 823 980 autem
853 916 946 980 citius
976 914 1088 978 volunt
1115 915 1244 995 habere,
1274 918 1377 981 viride

276 1015 400 1078 molunt
413 1015 490 1079 illud
505 1038 578 1080 cum
591 1017 666 1082 vino
681 1027 717 1082 ut
732 1039 826 1103 supra
840 1017 962 1081 dictum
978 1024 1036 1094 est,
1059 1025 1093 1080 et
1107 1025 1184 1080 tunc
1199 1019 1285 1081 enim
1299 1018 1375 1082 inde

276 1116 421 1180 scribitur
442 1118 532 1204 quasi
554 1118 760 1182 vermiculum
781 1118 832 1182 vel
854 1118 1003 1196 azorium,
1025 1117 1208 1182 molendum
1229 1129 1279 1182 est
1300 1141 1375 1183 cum

276 1215 368 1298 vin0;
391 1226 468 1282 tunc
490 1218 626 1304 accipies
647 1219 757 1282 vinum
779 1219 934 1305 optimum
956 1227 989 1282 et
1010 1241 1094 1305 pone
1117 1221 1148 1283 iu
1171 1221 1278 1306 aliquo
1299 1241 1375 1283 vase

276 1339 355 1383 cneo
370 1321 420 1383 vel
442 1341 559 1406 cupreo
581 1331 613 1385 et
633 1319 744 1384 bullies
765 1320 853 1384 illud.
897 1319 972 1396 Quo
994 1329 1087 1384 cocto
1110 1329 1142 1383 et
1163 1322 1318 1386 mundato
1333 1321 1375 1384 de

277 1443 400 1506 spuma,
416 1421 540 1486 custodi
562 1421 650 1499 iilud,
669 1430 702 1485 et
722 1421 796 1484 inde
819 1421 1011 1507 distempera
1026 1422 1159 1486 viridem
1174 1423 1326 1502 colorem,
1342 1431 1375 1486 et

277 1543 359 1607 pone
374 1523 416 1587 ad
430 1525 571 1610 tepidum
585 1525 695 1601 solem,
707 1524 757 1586 rel
769 1524 887 1586 lentum
904 1521 1069 1607 (ignem¹),
1082 1523 1184 1587 donec
1197 1525 1317 1608 spissus
1333 1524 1375 1587 sit
1457 1527 1464 1540 '

277 1630 467 1704 mensurate,
482 1635 515 1689 ct
534 1626 639 1711 posito
661 1625 694 1686 in
715 1646 754 1688 eo
774 1625 815 1688 de
830 1645 924 1688 croco
940 1633 972 1686 et
991 1623 1031 1686 de
1046 1625 1174 1709 pulvere
1190 1626 1270 1690 ossis
1285 1647 1373 1689 com·

277 1726 371 1806 busti,
391 1727 523 1790 aiteram
546 1725 713 1791 contrahet
727 1725 863 1789 virorem
886 1733 918 1788 et
940 1724 1119 1804 meliorem
1144 1728 1193 1789 vel
1214 1727 1241 1790 si
1257 1727 1374 1790 miscu-

277 1828 337 1891 eris
363 1851 483 1892 novum
509 1849 580 1890 cum
603 1827 709 1906 veteri,
734 1827 863 1890 alteram
884 1827 1073 1890 viriditatem
1097 1826 1247 1906 habebit;
1271 1828 1320 1891 vel
1346 1828 1373 1890 si

276 1936 378 1992 totum
394 1929 545 1992 siccatum
560 1928 655 1992 firerit
669 1929 719 1992 vel
731 1929 824 1992 nimis
840 1950 980 1992 crassum
996 1949 1080 2014 pone
1095 1949 1207 2012 parum
1222 1930 1262 1992 de
1277 1951 1371 2014 aqua.

278 2029 368 2094 Pone
384 2035 533 2115 praeterea
547 2030 645 2093 viride
659 2031 692 2092 in
704 2031 777 2094 vino
792 2052 830 2093 ac
847 2030 925 2094 frica
940 2031 1017 2093 satis
1030 2029 1150 2114 digito:
1171 2052 1235 2114 quo
1250 2030 1372 2108 sedato,

276 2131 384 2216 accipe
398 2131 486 2216 quod
500 2131 653 2217 liquidum
669 2141 717 2195 est
735 2141 767 2195 et
787 2153 869 2217 pone
885 2131 925 2194 ad
941 2131 1058 2194 lentem
1073 2131 1172 2194 solem
1189 2131 1239 2194 vel
1252 2132 1285 2195 iu
1299 2131 1373 2194 loco

275 2232 331 2298 ubi
360 2233 487 2318 spissari
516 2233 627 2319 possit.
672 2232 810 2309 Quando
840 2241 949 2318 aptum
981 2231 1075 2294 fuerit
1102 2231 1143 2296 ad
1169 2231 1371 2296 scribendum

276 2356 359 2421 poue
374 2335 406 2397 in
421 2357 497 2400 vase
519 2357 636 2421 cupreo
651 2336 700 2400 vel
715 2335 755 2398 de
770 2355 849 2398 enea
864 2343 896 2396 et
911 2333 966 2398 diu
982 2333 1099 2419 poteris
1114 2355 1299 2398 conservare
1313 2335 1373 2398 bo·

275 2458 363 2502 uum.
401 2435 434 2500 Si
450 2437 570 2523 nigrior
584 2437 680 2501 fuerit
694 2457 777 2522 poue
792 2435 1021 2521 aliquantulum
1037 2434 1167 2498 saffrani
1182 2437 1231 2500 vel
1245 2437 1285 2500 dc
1301 2437 1372 2523 pul-

276 2559 350 2601 vere
364 2538 444 2602 ossis
459 2538 626 2602 combusti.
672 2537 707 2600 Si
722 2537 813 2602 citius
824 2536 872 2600 vis
887 2536 1075 2617 illuminare,
1090 2538 1199 2623 accipe
1213 2538 1254 2601 de
1267 2539 1372 2601 vitello

276 2639 328 2703 ovi
343 2639 440 2718 crudi,
455 2647 488 2702 et
507 2639 604 2703 misce
624 2661 698 2703 cum
720 2659 759 2702 eo
774 2637 871 2700 viride
887 2637 1038 2702 mellum'
1052 2639 1102 2702 vel
1116 2639 1236 2718 vinum,
1252 2650 1372 2704 etcum

275 2739 337 2804 hoc
355 2741 476 2826 liquore
496 2741 579 2804 mole
600 2761 697 2826 supra
717 2748 838 2824 petram
853 2737 964 2817 viride,
987 2748 1018 2802 et
1033 2739 1107 2804 inde
1122 2740 1322 2828 distempera‚
1338 2752 1372 2804 et

275 2840 321 2905 sic
336 2842 455 2906 bonum
471 2841 539 2906 erit.

641 3289 688 3332 DE
710 3289 817 3333 mono
841 3287 1011 3332 nnlslnuo.

353 3435 510 3502 IGNUM
526 3436 633 3500 brisilli
649 3436 775 3500 cultello
799 3433 919 3499 raditur
941 3433 973 3496 in
988 3454 1064 3497 vase
1086 3442 1119 3497 ct
1136 3433 1372 3519 superfunditur

385 3539 413 3601 ei
428 3539 531 3601 clares
546 3538 607 3601 ovi.
647 3537 721 3612 Quo
737 3545 876 3622 peracto,
890 3543 922 3598 et
936 3543 1106 3622 postquam
1121 3537 1252 3621 coepcrit
1266 3546 1371 3600 matu-

275 3661 396 3703 rescere
411 3639 537 3724 ponitur
559 3637 592 3700 in
606 3659 645 3700 eo
668 3638 795 3700 alumen
810 3637 894 3699 circa
911 3657 1093 3700 mensuram
1108 3659 1294 3722 congruam,
1308 3638 1371 3702 hoc

274 3740 427 3806 brisillum
441 3748 611 3824 postquam
628 3746 820 3802 maturatum
832 3737 935 3815 fucrit,
950 3737 1144 3802 emitendum
1159 3747 1208 3800 est
1221 3739 1323 3823 liquor
1337 3747 1371 3802 et

274 3844 307 3908 in
329 3863 431 3908 conca
453 3840 513 3905 alia
535 3839 753 3903 reservandus.
799 3835 873 3911 Quo
894 3839 992 3918 facto,
1017 3838 1130 3902 itemm
1153 3839 1301 3926 ponenda
1322 3849 1372 3902 cst

275 3946 378 4011 clareo
396 3945 429 4008 in
448 3942 560 4008 eodem
579 3941 708 4018 brisfflo,
730 3948 763 4004 ct
782 3949 954 4026 postquam
974 3948 1134 4004 maturata
1155 3940 1248 4005 suerit
1266 3951 1370 4006 extra·

275 4047 381 4111 henda
396 4055 452 4110 est.
498 4043 596 4118 Quod
611 4041 733 4105 tamdiu
749 4041 805 4104 fiat
819 4040 972 4126 quamdiu
982 4040 1135 4104 brisillum
1150 4041 1267 4105 claram
1282 4043 1369 4106 illam

275 4146 511 4214 incoloravcrit:
537 4145 600 4208 hoc
627 4151 733 4206 autem
757 4163 845 4220 care,
875 4163 915 4205 nc
943 4142 1019 4206 bris.
1046 4143 1114 4206 sine
1144 4144 1281 4208 alumine
1305 4146 1369 4210 dia·

275 4261 431 4336 temperas
460 4245 599 4331 alioquin
626 4265 645 4306 a
676 4264 868 4328 pergameno
897 4252 1000 4307 totum
1030 4244 1104 4309 bris.
1135 4247 1288 4330 paulatim
1314 4249 1369 4312 dc·

438 4381 445 4413 ¹
462 4385 478 4410 ⁴‘
486 4382 584 4444 iguem,''
594 4383 716 4444 supposito
727 4387 765 4429 est.
948 4381 957 4410 ²
975 4384 990 4405 ‘¹
999 4379 1116 4428 mellinum
1124 4381 1137 4399 ”
1147 4398 1186 4444 qm
1196 4385 1206 4430 t
