3168 5140
313 453 379 516 390
670 471 862 517 insererer
889 471 994 514 arnan
1016 472 1070 516 rrr.

312 625 406 688 iidem
421 623 541 709 lapides
561 633 656 709 atque
678 622 846 708 poliuntur.
892 621 1068 701 lacinctus,
1084 621 1140 709 qui
1155 623 1267 688 durior
1280 635 1344 703 est,
1363 623 1431 688 boc

312 725 409 790 modo
425 725 547 810 politur.
595 723 654 789 Eat
676 725 756 810 lapis
774 724 827 811 qui
848 724 963 790 dicitur
984 725 1108 788 ismaris
1125 725 1181 812 qui
1197 726 1428 790 comminutus

312 827 414 892 donec
436 827 478 892 sit
495 829 578 892 sicut
599 827 756 906 sabulum,
779 825 969 912 poniturque
988 848 1084 912 super
1102 848 1258 912 cupream
1273 829 1429 892 tabulam
1559 861 1561 910 p

311 930 465 1015 aequnleru
480 931 565 1016 aqud
580 929 706 1006 mixtus,
722 937 755 992 ct
769 929 906 1014 desuper
916 929 1076 1014 jacinctus
1092 929 1239 994 fricando
1252 930 1428 994 formatur.
1559 915 1561 952 ⁴

315 1031 432 1096 Lotura
448 1035 521 1098 verb
538 1054 609 1119 quae
628 1031 702 1096 inde
722 1031 792 1096 fluit
813 1031 981 1116 diligenter
1002 1035 1034 1096 in
1050 1032 1134 1118 pelvi
1151 1032 1272 1096 munda
1287 1033 1429 1118 suscipi·

313 1142 393 1212 atur,
411 1146 443 1199 ct
463 1157 536 1200 cum
559 1135 682 1199 steterit
705 1155 759 1219 per
781 1143 919 1210 noctem,
939 1133 1083 1220 sequenti
1102 1133 1155 1199 dic
1177 1157 1265 1222 aqua
1289 1135 1426 1220 penitus

313 1234 464 1322 ejiciatur,
485 1248 518 1302 et
539 1237 639 1325 pulvis
659 1237 805 1316 siccetur,
828 1236 883 1322 qui
902 1245 1013 1320 postca
1031 1257 1125 1322 super
1145 1237 1292 1302 tabulam
1312 1259 1425 1324 requa-

312 1337 374 1402 lcm
391 1339 431 1404 dc
446 1341 510 1404 tilia
529 1340 627 1404 saliva
645 1339 793 1404 humidus
815 1347 963 1424 ponatur,
984 1347 1078 1424 atque
1100 1338 1239 1426 desuper
1255 1340 1424 1425 jacinctus
1560 1339 1561 1388 l

312 1441 457 1526 poliatur.
503 1443 638 1530 Lapides
654 1465 780 1530 quoque
795 1441 908 1506 eodem
925 1441 1020 1506 modo
1033 1441 1122 1506 vitrei
1137 1443 1224 1529 qubd
1241 1441 1422 1507 cristallum
1559 1427 1561 1494 Ᾱ

314 1541 464 1610 fiicautur
478 1557 511 1611 et
525 1546 694 1634 poliuntur.

602 1933 637 1939 —..
652 1929 1118 1940 ‚fflffl-m—-n———unn

635 2239 871 2338 CAPUT
928 2239 1084 2336 XCV.
1554 2297 1561 2572 1

719 2479 764 2522 DE
788 2476 1010 2522 maneamne.

414 2641 664 2708 ARGARITAE
680 2641 881 2706 inveniuntur
891 2641 925 2706 in
940 2641 1070 2706 conchis
1086 2640 1215 2705 marinis
1230 2647 1263 2706 et
1277 2640 1419 2707 aliorum

457 2745 642 2824 fluminum
680 2767 751 2833 quae
781 2743 980 2830 perforantur
1013 2743 1121 2808 subtili
1151 2743 1234 2807 ferro
1265 2743 1418 2825 calibem,

313 2847 400 2935 quod
418 2849 552 2913 infixum
571 2848 612 2912 sit
631 2847 717 2934 liguo
738 2845 868 2911 habenti
891 2846 1024 2910 rotulam
1046 2844 1166 2931 plumbi
1189 2846 1366 2930 parvulam,
1383 2859 1419 2912 et

312 2949 444 3013 alterum
459 2950 580 3036 lignum
603 2953 635 3014 in
655 2971 719 3038 quo
735 2950 890 3027 volvatur,
912 2947 962 3012 cui
983 2947 1025 3011 sit
1042 2946 1180 3034 inposita
1202 2945 1338 3034 corrigie
1357 2971 1419 3036 per

313 3072 409 3138 quam
425 3052 686 3117 circumducatur.
729 3050 826 3128 Quod
842 3051 869 3114 si
884 3073 964 3138 opus
979 3051 1020 3114 sit
1035 3060 1070 3114 ut
1084 3049 1217 3136 alicujus
1231 3052 1418 3136 margaritas

314 3155 455 3219 foramen
472 3155 575 3241 majus
594 3155 661 3234 liat,
678 3155 764 3218 filum
780 3175 852 3218 cum
875 3151 1002 3217 modico
1020 3150 1126 3216 subtili
1139 3153 1251 3217 sabulo
1266 3151 1417 3218 foramini

313 3261 492 3348 inponatur,
516 3259 606 3346 cujus
627 3259 671 3323 fili
695 3255 861 3322 summitas
887 3275 952 3318 uua
978 3251 1136 3331 dentibus,
1162 3251 1259 3316 altera
1284 3252 1418 3321 sinistri

314 3384 412 3428 manu
441 3371 594 3444 teneatur,
620 3359 813 3446 dextcrtque
843 3377 967 3422 sursum
997 3377 1036 3421 ac
1065 3357 1213 3421 deorsum
1239 3359 1417 3442 margarita

314 3465 457 3544 ducatur,
471 3465 658 3552 interimque
673 3462 818 3529 sabulum
833 3469 869 3524 ut
884 3460 1027 3525 foramen
1042 3457 1136 3522 latius
1151 3459 1208 3521 liat
1222 3469 1416 3544 apponatur.

314 3565 468 3631 Secuntur
491 3567 586 3632 etiam
602 3565 754 3631 choncboe
770 3563 899 3628 marinas
924 3583 979 3648 per
1001 3570 1107 3646 partes
1121 3571 1155 3624 et
1169 3559 1243 3625 inde
1257 3561 1416 3628 limantur

315 3667 518 3756 'margarites
533 3669 566 3732 iu
582 3689 658 3733 auro
673 3667 749 3731 satis
764 3666 866 3746 utiles,
882 3664 1106 3752 poliunturque
1120 3671 1156 3726 ut
1170 3685 1277 3750 supra.

1552 3716 1561 3828 l
