3236 5144
645 553 834 603 THEOP'IIILI
860 560 962 602 niusa
986 561 1038 602 111.

605 786 837 882 CAPUT
895 786 1071 880 XVII.

751 991 795 1034 DE
819 989 924 1034 arms.

367 1123 469 1188 IMAE
492 1146 566 1188 vero
581 1124 662 1186 finnt
684 1147 723 1188 ex
746 1146 826 1210 puro
845 1123 957 1202 calibe,
978 1117 1103 1209 magnae
1123 1131 1156 1186 et
1180 1121 1385 1198 mediocres¹,

388 1227 483 1291 trium
507 1237 666 1290 costarum
684 1235 716 1290 et
738 1226 891 1291 rotundae.
939 1224 1035 1288 Fiunt
1049 1235 1081 1290 et
1096 1226 1177 1305 aliae,
1193 1235 1228 1288 ut
1242 1225 1385 1289 fortioreS

291 1329 401 1394 sintin
423 1329 540 1408 medio,
556 1329 685 1394 interius
700 1351 740 1392 ex
762 1329 850 1392 molli
865 1328 957 1406 ferro,
973 1327 1111 1392 exterius
1131 1349 1205 1391 vero
1228 1327 1386 1412 co-operi-

290 1441 385 1496 untur
399 1432 512 1496 calibe.
558 1429 639 1506 Quae
654 1453 727 1494 cum
751 1453 908 1517 percussae
929 1430 1045 1494 fuerint
1067 1429 1240 1494 secundum
1262 1429 1385 1514 magni-

290 1535 445 1614 tudinem,
461 1555 559 1620 quam
570 1534 615 1598 eis
631 1543 741 1597 auctor
752 1554 860 1596 earum
872 1533 948 1596 dare
960 1533 1101 1610 voluerit,
1113 1541 1278 1618 aequantur
1293 1553 1386 1617 super

291 1637 467 1716 runcinam,
492 1637 600 1722 sicque
626 1635 807 1699 inciduntur
834 1657 907 1698 cnm
934 1634 1048 1698 malleo
1072 1657 1112 1698 ex
1140 1645 1270 1720 utraque
1297 1643 1386 1719 parte

291 1747 395 1803 acuto.
442 1736 627 1802 inciduntur
653 1737 749 1802 etiam
779 1735 846 1802 alioe
870 1759 943 1802 cum
967 1736 1049 1801 ferro
1075 1736 1231 1814 incisorio,
1259 1736 1385 1821 dequo

294 1861 389 1924 supra
414 1839 573 1919 diximus3
596 1862 668 1905 cum
695 1840 810 1925 quibus
835 1838 953 1926 aequari
977 1838 1073 1902 debet
1097 1860 1188 1923 opuS,
1203 1837 1290 1922 quod
1313 1859 1384 1900 cum

292 1941 361 2006 aliis
377 1942 587 2027 grossioribus
612 1943 819 2028 praelimatum
831 1943 933 2006 fuerit.
980 1941 1125 2028 Cumque
1141 1963 1180 2004 ex
1196 1941 1281 2003 omni
1300 1949 1385 2024 parte

292 2041 398 2105 incisae
413 2043 538 2120 fuerint,
554 2043 604 2107 foc
615 2053 900 2128 temperamentum
916 2045 977 2108 hoc
993 2044 1099 2108 modo.

586 2443 813 2539 CAPUT
885 2443 1095 2540 XVIII.

574 2645 620 2688 DE
642 2645 919 2690 Tnnrssaaunrrro
943 2646 1113 2688 muranum.

298 2775 570 2927 COMBURE
596 2799 693 2841 cornu
708 2778 799 2842 bovis
822 2779 856 2841 in
874 2779 947 2864 igne
970 2788 1002 2840 et
1026 2778 1112 2857 rade,
1128 2787 1223 2863 atque
1247 2778 1345 2841 misce
1359 2779 1388 2842 ei

388 2881 511 2944 tertiam
541 2889 663 2966 partem
689 2881 773 2958 salis,
803 2890 835 2944 et
863 2889 929 2944 tere
959 2879 1087 2944 fortiter.
1144 2879 1269 2942 Deinde
1299 2881 1387 2942 mitte

295 2979 402 3043 limam
418 2982 450 3044 in
466 2981 584 3066 ignem,
600 2991 632 3044 et
653 3003 726 3045 cum
741 2982 916 3060 canduerit,
932 2982 1025 3046 salies
1046 2981 1132 3045 illam
1155 2981 1386 3045 confectionem

295 3103 389 3167 super
413 3103 484 3145 eam
507 3105 546 3146 ex
561 3083 648 3146 omni
670 3093 768 3169 parte,
784 3083 929 3172 aptisque
944 3084 1133 3148 carbonibus
1148 3084 1243 3147 valde
1262 3085 1388 3147 ardent·

296 3183 367 3246 ibus
383 3206 456 3247 cum
475 3184 673 3249 festinatione
696 3185 838 3249 sufflabis
853 3207 909 3271 per
924 3188 1032 3250 omnia
1048 3187 1143 3250 sicut
1162 3197 1390 3271 temperamen-

294 3293 364 3350 tum
376 3307 439 3350 non
452 3287 556 3367 cadat,
566 3297 598 3351 et
609 3287 714 3352 statim
727 3288 861 3353 eiciens²
876 3289 1008 3354 siccabis
1024 3289 1148 3353 modice
1163 3311 1257 3374 super
1271 3289 1387 3374 ignem.

297 3387 370 3453 Hoc
385 3391 481 3454 modo
496 3391 686 3477 temperabis
701 3414 812 3456 omnes
827 3415 898 3478 quae
912 3401 987 3456 sunt
1001 3413 1041 3455 ex
1056 3391 1167 3457 calibe.

579 3599 743 3606 --.--—...-
774 3600 782 3605 -
795 3599 828 3605 ..-
965 3601 971 3606 -

622 3713 859 3810 CAPUT
918 3715 1059 3811 XIX.

674 3927 755 3968 ITEM
781 3928 874 3970 IINDE
898 3929 1015 3972 SI'I'IIA.

301 4057 508 4212 FACIES
519 4060 704 4144 etparvulas
715 4061 856 4124 similiter
865 4061 1025 4147 qnadras³,
1038 4059 1389 4144 rotundas,trianguias‚

375 4171 484 4225 tenues
494 4183 534 4224 ex
550 4161 637 4224 molli
651 4161 742 4238 ferro,
753 4183 867 4248 easque
880 4165 924 4226 sic
941 4163 1141 4247 temperabis.
1186 4159 1268 4226 Curii
1284 4162 1390 4225 incisae

429 4339 435 4368 ¹
454 4343 470 4366 “
481 4350 507 4387 nt
518 4338 632 4400 quadrae,’'
644 4355 670 4386 ex
683 4339 737 4386 MS.
752 4339 850 4401 eulpa

428 4422 437 4451 ¹
454 4427 470 4448 “
481 4423 589 4483 extingue
600 4419 719 4480 {equaliter
730 4421 754 4466 in
765 4436 824 4481 aqua
836 4430 859 4468 ct
871 4423 923 4469 inde
935 4423 1040 4480 ciricus,’'
1051 4439 1078 4472 ar
1090 4425 1172 4472 Codice
1185 4426 1282 4488 (bulpb.

428 4502 438 4530 ⁸
455 4507 470 4530 ‘¹
482 4501 668 4558 remismundus?
680 4517 707 4548 ex
719 4503 776 4549 Cod.
790 4501 886 4566 Groelplr.
