3220 5138
671 515 862 562 ranorum
886 519 989 562 mnan
1011 521 1034 563 1.

613 817 840 916 CAPUT
896 821 1070 917 XXIL

750 1057 795 1100 DE
817 1058 945 1102 Bonan.

306 1195 445 1350 COM
451 1199 576 1268 PONE
592 1219 727 1292 quatuor
742 1208 870 1294 lapides,
885 1210 939 1295 qui
967 1211 1089 1295 possint
1104 1211 1209 1296 ignem
1233 1211 1396 1290 sustinere,

396 1304 440 1366 ita
455 1316 569 1371 utnon
584 1307 732 1388 resiliant,
748 1319 780 1373 et
802 1332 895 1395 super
908 1311 995 1396 ipsos
1010 1334 1093 1396 pone
1114 1313 1210 1377 ollam
1229 1313 1351 1391 rudem,
1365 1321 1398 1376 et

301 1410 334 1474 in
364 1434 436 1476 eam
461 1412 550 1474 mitte
580 1433 676 1497 supra
699 1411 819 1476 dictum
846 1413 967 1497 gummi
992 1413 1101 1492 fornia,
1131 1415 1218 1500 quod
1250 1413 1396 1477 Romane

301 1514 407 1598 glassa
421 1512 537 1577 dicitur
548 1512 570 1592 ¹,
586 1524 618 1578 et
633 1535 727 1599 super
742 1536 778 1578 os
797 1514 891 1600 hujus
906 1515 977 1578 ollae
993 1537 1076 1600 pone
1087 1515 1216 1578 ollulam
1230 1515 1396 1593 minorem,

301 1638 373 1702 quas
403 1615 500 1678 habet
521 1615 554 1678 in
578 1615 678 1679 fundo
705 1615 864 1679 modicum
888 1615 1041 1694 foramen,
1071 1625 1104 1679 ct
1131 1617 1341 1680 circumlinies
1367 1615 1396 1680 ei

302 1725 437 1801 pastam,
451 1715 496 1780 ita
510 1726 547 1780 ut
560 1717 640 1780 nihil
655 1717 833 1804 spiraminis
847 1717 929 1781 inter
939 1717 1023 1803 ipsas
1032 1719 1111 1781 ollas
1121 1727 1223 1782 exeat.
1270 1717 1396 1782 Deinde

302 1841 446 1904 suppone
480 1820 588 1904 ignem
624 1819 800 1905 diligenter,
829 1819 931 1883 donec
961 1819 1063 1906 ipsum
1094 1820 1214 1905 gummi
1244 1821 1394 1907 liquefiat

304 1918 448 1983 Habebis
469 1921 564 1984 etiam
585 1921 700 1984 serrum
716 1922 833 2007 gracile
855 1930 887 1984 et
910 1921 1074 1985 manubrio
1097 1921 1292 2005 impositum,
1311 1921 1395 1984 unde

302 2023 517 2087 commovebis
546 2023 651 2108 ipsum
681 2023 812 2108 gummi,
839 2030 967 2086 etcum
997 2022 1111 2086 sentire
1132 2023 1235 2108 possis
1264 2023 1393 2108 quando

301 2123 431 2187 omnin'o
440 2122 594 2210 liquidum
604 2123 653 2187 sit.
678 2123 808 2188 Habeas
820 2145 947 2210 quoque
956 2124 1051 2187 ollam
1063 2125 1186 2187 tertiam
1197 2125 1289 2209 juxta
1300 2147 1395 2210 super

301 2224 456 2288 carbones
466 2225 613 2310 positam,
625 2225 730 2311 inqua
741 2225 894 2289 sitoleum
904 2225 959 2288 lini
968 2225 1119 2305 calidum;
1143 2233 1176 2288 et
1190 2248 1262 2290 curn
1273 2228 1394 2311 gummi

301 2325 426 2411 penitus
440 2327 594 2413 liquidum
617 2327 719 2406 lirerit,
734 2327 779 2390 ita
800 2336 836 2390 ut
857 2335 1000 2392 extracto
1016 2328 1097 2391 ferro
1112 2327 1203 2412 quasi
1226 2328 1314 2389 filum
1330 2337 1394 2392 tra-

301 2427 403 2508 hatur,
418 2428 548 2492 infunde
562 2429 591 2492 ei
613 2429 717 2493 oleum
740 2429 876 2493 calidum
891 2437 923 2492 et
938 2429 1019 2493 ferro
1042 2450 1218 2508 commove,
1233 2429 1324 2493 etsie
1345 2430 1394 2492 in-

301 2531 392 2594 simul
416 2552 518 2617 coque
544 2539 579 2594 ut
600 2551 664 2595 non
679 2531 801 2610 bulliat,
816 2539 849 2595 et
871 2530 1028 2595 interdum
1050 2530 1180 2594 extrahe
1207 2531 1334 2611 serrum,
1360 2541 1393 2595 et

299 2631 355 2694 lini
369 2632 493 2696 modice
508 2655 602 2718 super
616 2633 736 2719 lignum
752 2633 818 2696 sive
832 2655 926 2718 super
940 2631 1088 2718 lapidem,
1106 2641 1140 2695 ut
1160 2633 1274 2717 probes
1288 2633 1393 2697 densi-

300 2741 399 2796 tatem
414 2734 492 2818 ejus.
538 2733 582 2796 Et
605 2733 666 2797 hoc
689 2755 802 2798 caveas
827 2735 861 2797 in
887 2733 1035 2820 pondere,
1052 2743 1088 2797 ut
1105 2734 1168 2796 sint
1193 2734 1264 2797 duae
1287 2745 1392 2820 partes

300 2835 371 2912 olei,
386 2843 418 2897 et
432 2835 523 2898 tertia
538 2836 669 2920 gummi.
714 2834 860 2922 Cumque
874 2837 916 2899 ad
937 2836 1061 2898 libitum
1077 2845 1166 2899 tuum
1183 2837 1306 2900 coxeris
1322 2837 1393 2900 dili-

300 2946 420 3020 genter,
436 2936 477 2999 ab
492 2937 565 3021 igne
580 2958 746 3000 removens
760 2946 793 3000 et
807 2937 1040 3021 discooperiens
1055 2937 1231 3022 refrigerari
1247 2939 1326 3002 sine.

586 3241 1074 3254 m·

599 3459 829 3556 CAPUT
879 3460 1094 3558 XXIIL

483 3676 528 3719 DE
550 3677 663 3720 sauls
687 3677 922 3728 Bonasamson
945 3680 986 3722 ΒΤ
1009 3680 1202 3724 0οΤΟΡΟΒΙΒ.

298 3820 498 3974 SELLAS
521 3833 626 3889 autem
642 3836 802 3912 equestres
824 3835 856 3891 et
870 3828 1040 3907 octoloros,
1056 3827 1088 3890 id
1111 3836 1160 3891 est
1178 3830 1271 3892 sellas
1293 3829 1390 3915 plica·

378 3924 484 4004 torius,
500 3927 649 4008 scabella,
664 3937 850 4014 ceteraque,
867 3951 938 4015 quae
963 3931 1159 4015 sculpuntur,
1180 3939 1214 3994 et
1235 3952 1300 3994 non
1316 3953 1390 4016 pos·

297 4037 370 4092 sunt
385 4029 471 4092 corio
485 4030 534 4093 vel
562 4051 668 4115 panno
690 4031 853 4116 cooperiri,
870 4053 944 4095 mox
960 4040 995 4094 ut
1016 4032 1130 4094 raseris
1151 4032 1244 4112 ferro,
1261 4033 1388 4098 fricabis

295 4129 457 4215 asperella‚
473 4131 580 4217 sicque
605 4131 655 4196 bis
677 4133 850 4211 dealbabis,
866 4140 899 4217 et
920 4155 993 4196 cum
1008 4133 1092 4198 sicca
1115 4134 1239 4213 suerint,
1262 4157 1386 4200 rursum

296 4229 447 4313 asperella
470 4231 624 4317 planabis.
670 4233 819 4297 Postbaec
835 4234 867 4296 in
890 4233 1008 4300 circino
1030 4245 1063 4299 et
1088 4237 1194 4323 regula
1221 4239 1340 4318 metire,
1356 4248 1388 4303 et

590 4432 596 4459 ¹
609 4437 625 4459 ‘⁴
636 4433 704 4481 aliter
715 4434 854 4494 Arabicum*
872 4454 898 4486 ex
908 4439 933 4485 C.
947 4439 979 4486 R.
991 4439 1094 4488 Pan'rs'r'.
