3140 5152
329 508 392 570 372
685 525 875 570 rusorurnr
901 527 1003 570 arnan
1028 485 1083 572 111.¹

328 679 410 742 tellae
426 688 458 743 et
473 677 533 742 alia
549 699 625 742 vasa
642 679 756 764 lignea,
777 679 820 742 ita
841 689 876 742 ut
894 700 957 743 uua
975 681 1145 765 columpna
1163 679 1294 745 firmiter
1305 688 1380 758 stet,
1395 690 1426 741 et

328 781 426 846 altera
440 789 614 860 moveatur,
629 804 701 868 quaa
712 791 819 846 tamen
834 803 906 846 cum
923 781 1069 868 apposita
1084 783 1177 847 fuerit
1191 783 1318 847 inferius
1332 785 1425 847 clavo

327 883 415 946 tenui
430 883 614 948 firmabitur.
656 884 742 949 Inter
757 886 942 970 columpnas
958 893 1062 948 statue
1077 884 1211 949 formam
1227 895 1260 949 et
1273 899 1425 972 utrosque
1536 954 1540 971 Ι

327 985 435 1048 clavos
457 985 489 1050 in
512 986 578 1050 suis
600 986 817 1065 foraminibus,
840 987 1038 1074 corrigiaque
1060 987 1143 1052 circa
1165 987 1286 1073 lignum
1308 989 1425 1073 posita,

327 1095 422 1172 atque
443 1087 571 1152 sedente
592 1111 690 1176 puero
710 1090 763 1178 qui
784 1112 855 1154 eam
876 1091 991 1169 trahat,
1010 1090 1152 1156 tornabis
1170 1091 1252 1154 sicut
1273 1091 1427 1176 placuerit

326 1212 495 1278 ceramque
510 1213 713 1280 superpones
759 1192 835 1267 Qut
858 1191 999 1256 similiter
1021 1193 1155 1272 tomatd,
1178 1193 1259 1256 educ
1278 1213 1297 1256 a
1313 1215 1426 1256 manu-

327 1293 396 1358 brio
418 1293 553 1358 formam
575 1316 647 1358 cum
671 1295 764 1374 ferro,
785 1295 1000 1382 appositisque
1015 1295 1177 1380 spiraculis
1199 1305 1230 1360 et
1244 1296 1359 1381 argilla
1373 1319 1427 1360 su·

328 1396 481 1482 perductis
490 1406 585 1484 atque
594 1397 722 1477 siccatd,
732 1397 809 1484 ejice
821 1418 926 1461 ceram
937 1406 969 1460 ct
977 1396 1018 1460 ad
1028 1397 1262 1483 recoquendum
1272 1397 1304 1460 in
1318 1399 1426 1462 forna·

327 1521 397 1564 cem
409 1521 502 1584 pone,
512 1498 609 1564 modo
629 1521 694 1586 quo
709 1499 861 1586 superius.
898 1498 1045 1586 Cumque
1060 1499 1188 1563 interius
1204 1499 1333 1567 omnino
1347 1523 1427 1565 can-

327 1603 431 1666 duerit
444 1603 522 1688 ejice
532 1603 573 1667 ab
588 1603 671 1689 igne,
686 1611 719 1666 et
734 1603 858 1666 sicsine
868 1603 976 1688 jacere
988 1603 1090 1666 donec
1104 1601 1314 1688 refrigeretur,
1330 1603 1377 1666 ita
1392 1615 1427 1666 ut

327 1705 359 1768 in
371 1705 468 1770 mansi
477 1705 672 1792 aliquantum
687 1705 787 1790 possit
797 1704 905 1768 teneri.
941 1703 1117 1791 Statimque
1129 1705 1297 1790 liquefacto
1308 1715 1426 1790 stagno

326 1808 358 1872 in
375 1809 490 1892 patella
511 1809 620 1886 ferrea,
643 1809 707 1871 sive
727 1808 759 1870 in
779 1816 870 1888 testa,
892 1830 965 1872 curn
985 1817 1110 1898 tempus
1128 1807 1220 1872 fuerit
1235 1807 1425 1872 infundendi

325 1911 491 1996 adjiciatur
512 1913 541 1976 ei
564 1911 723 1976 modicum
739 1891 802 1975 vivi
824 1912 958 1997 argenti,
980 1912 1025 1975 ita
1046 1922 1092 1990 nt,
1116 1912 1140 1974 si
1160 1921 1209 1976 est
1223 1911 1302 1975 libra
1317 1914 1426 1998 stagni

325 2012 485 2100 quadrans
494 2013 535 2076 sit
546 2013 608 2076 vivi
620 2014 751 2098 argenti,
761 2024 794 2078 et
805 2015 873 2078 sine
886 2036 975 2078 mora
987 2013 1097 2078 formae
1107 2015 1298 2078 infundatur.
1339 2014 1426 2089 Ques

326 2139 398 2180 cum
417 2116 510 2180 fuerit
529 2117 658 2182 omnino
679 2117 871 2202 refrigerata,
902 2117 1066 2203 frangatur
1085 2118 1222 2182 exterius
1245 2118 1368 2203 argilla,
1394 2129 1425 2180 et

326 2219 465 2305 reposito
483 2219 660 2297 manubrio,
676 2219 827 2284 denuo-in
847 2220 1055 2284 tomatorium
1076 2231 1253 2306 reponatur,
1270 2229 1369 2304 atque
1385 2241 1424 2282 ex

327 2322 412 2386 omni
429 2331 517 2408 parte
532 2322 693 2408 aequaliter
708 2331 859 2399 tometur,
881 2321 922 2385 ad
939 2323 1081 2386 ultimum
1097 2344 1170 2386 vero
1195 2323 1349 2407 asperelld
1367 2343 1424 2406 po-

325 2425 427 2488 liatur.
467 2425 548 2489 Post
562 2425 631 2488 haec
647 2425 807 2488 modicum
823 2425 931 2511 accipe
946 2426 987 2488 de
1002 2425 1120 2489 eisdem
1137 2423 1252 2486 rasuris
1269 2423 1376 2510 stagni
1390 2433 1421 2486 et

326 2529 497 2594 commisce
508 2550 618 2614 parurn
632 2527 693 2590 vivi
705 2528 836 2612 argenti,
848 2527 1018 2614 digitisque
1030 2528 1091 2592 tuis
1104 2527 1230 2591 fricabis
1239 2526 1342 2590 donec
1352 2549 1422 2590 om·

325 2633 400 2699 nino
414 2632 555 2719 liquefiat
564 2656 572 2710 ;
589 2631 697 2718 sicque
707 2652 781 2694 cum
796 2631 966 2714 panniculo
981 2631 1063 2695 circa
1075 2631 1248 2716 ampullam
1264 2629 1422 2694 tornando

323 2735 414 2799 linies
437 2735 644 2821 quoadusque
670 2736 754 2797 sicca
777 2741 809 2796 et
833 2733 918 2796 clara
942 2743 1121 2812 ramaneat;
1153 2734 1290 2798 deducto
1314 2742 1421 2798 autem

325 2835 408 2900 ferro
428 2845 461 2898 et
479 2836 616 2900 interiori
641 2836 761 2921 argilla,
786 2835 869 2900 circa
893 2834 1035 2899 foramen
1058 2835 1187 2899 inferius
1207 2835 1239 2899 in
1265 2857 1329 2923 quo
1353 2845 1423 2900 erat

325 2937 451 3016 sermm,
474 2938 575 3002 fodies
589 2938 621 3002 iu
638 2938 743 3002 medio
758 2946 872 3023 stagno
888 2937 1050 3016 fossulam,
1072 2947 1105 3002 et
1119 2938 1151 3002 in
1166 2961 1204 3002 eo
1215 2939 1333 3024 junges
1348 2961 1421 3024 par-

323 3040 452 3104 ticulam
468 3041 610 3126 ejusdem
626 3041 740 3127 stagni,
763 3040 886 3106 modice
903 3027 1084 3128 spissiorem
1103 3064 1201 3129 quarn
1215 3041 1257 3105 sit
1271 3041 1420 3126 ampulla,

325 3153 421 3231 atque
442 3143 572 3207 interius
595 3165 677 3230 pone
699 3144 819 3228 lignum
843 3144 1024 3224 rotundum,
1051 3145 1102 3208 cui
1124 3143 1274 3208 innitatur
1294 3155 1331 3206 ut
1352 3165 1420 3208 non

325 3247 539 3334 complicetur,
555 3256 587 3312 et
609 3269 683 3310 cum
706 3245 855 3309 mediocri
878 3245 991 3308 malleo
1006 3245 1141 3310 exterius
1157 3255 1293 3332 percute,
1315 3246 1419 3309 donec

324 3351 454 3415 fossuris
476 3351 536 3414 illis
557 3350 725 3414 inducatur
746 3359 778 3412 et
800 3349 929 3412 firmiter
951 3357 1021 3412 stet
1076 3348 1177 3412 Aliter
1198 3348 1292 3411 etiam
1314 3348 1420 3433 ipsum

324 3453 467 3517 foramen
487 3452 648 3517 obstruere
670 3461 770 3536 potes.
816 3451 940 3536 Inpone
960 3452 1108 3536 ampullas
1124 3452 1245 3538 lignum
1261 3459 1297 3513 ut
1315 3471 1421 3535 supra,

324 3554 411 3640 quod
426 3555 458 3618 in
474 3554 655 3618 summitate
676 3553 845 3638 panniculo
860 3553 1011 3632 involves,
1033 3553 1259 3639 plumbumque
1274 3552 1421 3637 simplex,

324 3655 357 3717 in
371 3655 535 3732 foramine,
559 3675 630 3718 rasa
652 3663 684 3718 et
705 3675 777 3717 cera
799 3654 890 3734 illico,
914 3655 1118 3742 liquefactum
1140 3655 1298 3732 infundes,
1322 3663 1354 3718 et
1377 3655 1421 3718 ita

324 3753 508 3820 festinanter
521 3777 594 3818 cum
608 3757 755 3820 malleolo
770 3756 920 3844 aequabis.
