3216 5138
673 543 865 588 annornm
890 545 993 588 LIBER
1017 547 1055 590 ΙΙ.

661 859 895 955 CAPUT
955 859 1047 955 XL

550 1093 594 1136 DE
616 1093 788 1138 arraudus
811 1095 882 1138 CUM
907 1094 1019 1138 bondo
1041 1093 1160 1138 coam.

389 1254 488 1320 UOD
514 1256 540 1320 si
563 1258 698 1322 volueris
723 1258 878 1344 ampullas
900 1279 973 1322 cum
997 1258 1092 1344 longo
1116 1258 1198 1322 collo
1222 1257 1336 1336 faeere,
1359 1259 1405 1322 sie

424 1379 494 1444 age.
540 1357 623 1422 Cum
650 1359 823 1424 sufflaveris
849 1359 986 1424 calidum
1011 1359 1126 1424 vitrum
1153 1358 1243 1446 quasi
1265 1359 1404 1424 vesicam

305 1483 466 1549 magnam,
482 1461 609 1526 obstrue
630 1461 770 1526 foramen
791 1463 902 1526 fistulae
922 1461 1034 1548 pollice
1053 1469 1120 1541 tuo,
1136 1484 1177 1526 ne
1195 1461 1274 1525 forte
1289 1472 1402 1526 ventus

306 1571 408 1642 exeat,
432 1563 557 1627 vibrans
581 1563 682 1649 ipsam
705 1564 845 1628 fistulam
868 1586 940 1628 cum
964 1564 1054 1642 vitro,
1075 1564 1161 1651 quod
1184 1565 1212 1628 ei
1234 1563 1403 1649 appendet,

304 1666 386 1730 ultra
400 1675 497 1751 caput
511 1673 611 1746 tuum,
628 1688 666 1730 eo
689 1666 786 1730 modo
808 1666 898 1753 quasi
914 1666 991 1730 velis
1012 1687 1082 1728 eam
1103 1665 1264 1752 projicere,
1280 1674 1312 1729 et
1326 1687 1402 1729 mox

305 1777 437 1832 extenso
452 1769 534 1832 collo
549 1767 617 1853 ejus
634 1769 667 1830 in
687 1769 828 1854 longum,
844 1769 965 1832 elevata
980 1789 1079 1832 manu
1092 1775 1146 1831 tua
1162 1767 1194 1832 in
1210 1768 1318 1848 altum,
1334 1769 1402 1831 sine

305 1870 443 1933 fistulam
458 1892 531 1934 cum
546 1891 621 1934 vase
635 1870 763 1935 inferius
778 1871 966 1956 dependere,
983 1878 1018 1934 ut
1036 1861 1151 1934 collum
1167 1891 1231 1933 non
1246 1877 1401 1948 curvetur,

304 1971 396 2034 etsie
411 1993 560 2057 separans
575 1994 648 2036 cum
664 1971 795 2037 humido
810 1971 897 2058 ligno
913 1971 1002 2036 mitte
1017 1972 1049 2035 in
1065 1971 1192 2035 furnum
1208 1971 1367 2057 refrigerii.

646 2685 877 2781 CAPUT
934 2686 1060 2781 XIL

387 2917 433 2960 DE
456 2919 614 2962 mvnnals
637 2919 733 2962 vrrm
757 2918 948 2963 commane
972 2920 1040 2964 NON
1063 2919 1320 2964 raanawclme.

354 3077 667 3145 NVENIUNTUR
682 3081 715 3144 in
731 3082 867 3168 antiquis
882 3084 1024 3147 aedificiis
1049 3083 1253 3170 Paganoruni
1276 3085 1308 3147 in
1331 3107 1401 3148 mu·

373 3181 441 3246 sivo
464 3203 558 3267 opere
578 3183 704 3248 diversa
725 3205 842 3270 genera
857 3183 947 3264 vitri;
968 3185 1114 3250 videlicet
1129 3186 1249 3265 album,
1264 3185 1400 3268 nigrum,

303 3283 411 3364 viride,
433 3306 591 3365 croceum,
614 3286 804 3372 saphireum,
827 3287 1049 3368 rubicundum,
1072 3309 1274 3374 purpureum,
1289 3295 1320 3353 et
1334 3311 1399 3353 non

304 3397 353 3453 est
368 3387 544 3474 perspicax,
560 3387 616 3452 sed
631 3388 764 3453 densum
780 3389 812 3454 in
828 3390 959 3455 modum
975 3391 1150 3472 marmoris,
1166 3399 1199 3454 et
1213 3401 1287 3456 aunt
1308 3391 1400 3480 quasi

302 3489 414 3576 lapidi¹
439 3489 561 3576 quadri,
580 3512 620 3554 ex
643 3489 759 3577 quibus
784 3491 865 3555 fiunt
889 3493 1006 3558 electra
1031 3493 1064 3557 in
1094 3516 1182 3575 auro,
1209 3502 1341 3580 argente
1368 3502 1401 3557 et

302 3611 413 3674 cupro,
437 3589 616 3676 dequibus
644 3589 676 3653 in
691 3613 750 3656 suo
779 3591 849 3658 loco
880 3595 1070 3661 sufficienter
1100 3596 1250 3661 dicemus.
1306 3596 1401 3662 Inve-

302 3691 433 3755 niuntur
455 3689 550 3754 etiam
565 3692 692 3756 vaseula
715 3694 839 3759 diversa
860 3698 1034 3762 eorundem
1056 3698 1208 3778 coleram,
1227 3721 1298 3785 quae
1313 3699 1401 3762 colli-

304 3801 386 3878 gunt
409 3790 523 3856 Franci
545 3793 577 3856 in
600 3794 661 3859 hoc
684 3818 779 3881 opere
804 3797 992 3884 peritissimi,
1018 3809 1050 3864 et
1072 3799 1251 3886 saphireum
1270 3801 1399 3888 quidem

302 3893 440 3958 fundunt
454 3894 487 3959 in
502 3895 602 3961 furnis
618 3897 692 3972 suis,
708 3898 862 3964 addentes
879 3901 907 3966 ei
922 3903 1081 3968 modicum
1097 3904 1167 3968 vitri
1183 3901 1304 3968 clau‘et
1325 3905 1400 3984 albi,

303 4004 335 4060 et
351 3995 471 4060 faciunt
484 3998 612 4064 tabulas
626 3999 743 4086 saphiri
760 4002 913 4087 pretiosas
929 4025 966 4068 ae
982 4005 1058 4069 satis
1072 4005 1164 4070 utiles
1187 4006 1219 4069 in
1243 4006 1398 4071 fenestris.

303 4095 438 4164 Faciunt
452 4101 548 4166 etiam
565 4123 604 4166 ex
621 4122 758 4188 purpura
773 4113 804 4168 et
820 4106 909 4170 viridi
924 4105 1075 4172 similiter.

656 4289 663 4318 ¹
680 4291 712 4339 n
723 4293 798 4342 coare
812 4295 911 4360 appr.
929 4299 945 4324 «ι
953 4297 1048 4360 ιιρῑιιῑ.”
