3216 5138
669 567 858 612 'I'IIEOPIIILI
883 565 984 610 LIBER
1007 563 1045 608 11.

624 742 855 840 CAPUT
911 739 1072 838 XIII.

331 967 377 1009 mr
409 965 546 1010 VITREIS
582 965 716 1024 creme,
753 965 842 1018 Quos
879 965 989 1010 GRAEOI
1027 962 1121 1007 AURO
1158 961 1200 1004 m·
1234 959 1391 1004 ARGEN'IO

768 1067 959 1112 undosam.

401 1215 524 1280 RAECI
549 1239 623 1282 vero
646 1217 766 1283 faciunt
786 1240 827 1282 err
849 1219 967 1283 eisdem
990 1216 1143 1304 saphireis
1164 1215 1322 1301 lapidibus
1336 1233 1407 1299 pre-

421 1319 521 1384 tiosos
543 1319 665 1406 cyphos
686 1321 746 1384 ad¹
770 1321 955 1406 potandum,
977 1321 1164 1384 decorantes
1182 1339 1237 1382 eos
1252 1337 1329 1381 auro
1345 1314 1408 1379 hoc

316 1423 423 1487 mod0.
467 1421 668 1508 Accipientes
690 1423 757 1487 auri
780 1424 930 1508 petulam,
953 1424 994 1488 de
1015 1445 1079 1510 qua
1101 1421 1242 1507 superius
1257 1418 1407 1496 diximus,

188 1565 194 1578 ·
315 1525 454 1589 formant
474 1547 514 1589 ex
536 1545 575 1588 eu
596 1523 718 1611 effigies
740 1525 915 1606 hominum,
938 1536 993 1591 aut
1014 1527 1131 1604 svium,
1154 1533 1209 1590 sut
1223 1522 1407 1600 bestiarum,

314 1628 363 1691 vel
378 1626 535 1706 foliorum,
551 1637 583 1691 et
597 1635 720 1713 ponunt
734 1649 788 1692 eas
803 1651 877 1693 cum
892 1651 976 1716 aqua
998 1651 1091 1714 super
1112 1627 1251 1714 cyphum
1274 1626 1307 1688 in
1327 1646 1408 1711 quo·

314 1753 450 1816 cumque
476 1732 548 1796 loco
570 1731 744 1812 voluerint3
774 1739 807 1796 et
835 1732 904 1796 haec
930 1731 1038 1817 petula
1059 1728 1155 1794 debet
1177 1725 1407 1813 aliquantulum

315 1830 445 1915 spissior
470 1853 549 1895 esse.
597 1831 724 1896 Deinde
748 1833 908 1919 accipiunt
932 1834 1048 1898 vitnrm
1078 1831 1298 1908 clarissimum,
1321 1828 1408 1893 velut

315 1933 509 2018 crystallum,
533 1933 619 2019 quod
643 1933 703 2019 ipsi
729 1945 937 2020 componunt,
961 1935 1111 2023 quodque
1125 1955 1211 2012 mox,
1226 1941 1261 1995 ut
1276 1929 1409 1995 senserit

314 2034 452 2098 calorem
465 2035 560 2120 ignis,
575 2035 714 2116 solvitur,
729 2046 761 2102 et
775 2045 881 2102 temnt
895 2039 1060 2125 diligenter
1074 2059 1167 2124 super
1181 2035 1318 2121 lapidem
1333 2054 1407 2119 por-

315 2133 494 2222 phiriticum
509 2159 583 2201 cum
598 2159 693 2225 aqua,
708 2147 863 2225 ponentes
877 2163 951 2205 cum
965 2140 1101 2226 pincello
1116 2135 1299 2204 tenuissime
1315 2156 1409 2220 super

314 2238 453 2324 petulum
466 2261 522 2324 per
532 2239 649 2319 omnia,
661 2250 693 2305 et
705 2263 778 2306 cum
793 2242 946 2307 siccatum
961 2242 1064 2322 iirerit,
1080 2240 1209 2304 mittunt
1223 2238 1256 2302 in
1270 2237 1408 2315 furnum,

315 2341 427 2430 inquo
443 2341 588 2407 fenestrae
602 2343 718 2407 vitrum
733 2343 852 2430 pictum
868 2343 1022 2431 coquitur,
1040 2342 1080 2406 de
1102 2363 1167 2428 quo
1189 2346 1301 2425 postea
1321 2337 1409 2400 dice-

316 2465 398 2524 mus,
423 2454 636 2532 supponentes
662 2446 769 2532 ignem
795 2455 828 2510 et
854 2446 941 2532 ligna
966 2444 1093 2532 faginea
1121 2443 1154 2506 in
1184 2442 1272 2505 sumo
1302 2439 1410 2505 omnia

315 2545 443 2610 siccata.
496 2545 643 2634 Cumque
674 2548 808 2613 viderint
835 2547 999 2613 flammam
1029 2547 1170 2634 cyphum
1198 2543 1310 2608 tandin
1338 2564 1410 2628 per·

315 2648 446 2712 transire
476 2648 578 2715 donec
608 2651 769 2714 modicum
800 2651 947 2715 ruborem
976 2649 1090 2728 trahat,
1120 2648 1229 2713 statim
1251 2646 1410 2732 ejicientes
1470 2663 1475 2672 ·

314 2750 412 2836 ligna,
435 2753 603 2817 obstruunt
624 2753 761 2835 furnum,
783 2754 885 2818 donec
908 2773 1019 2838 perse
1048 2751 1206 2838 frigescat,
1236 2757 1268 2812 et
1298 2767 1409 2813 aurum

316 2873 479 2939 nunquam
495 2854 700 2940 separabitur.

633 3243 878 3340 CAPUT
939 3243 1094 3340 XIV.

694 3468 777 3512 ITEM
802 3466 897 3512 UNDE
919 3467 1038 3512 SUPRA.

394 3617 569 3684 ACIUNT
583 3628 615 3684 et
629 3619 692 3685 alio
714 3619 822 3699 modo,
838 3618 1027 3704 accipientes
1047 3639 1159 3684 surum
1173 3619 1206 3682 in
1228 3620 1412 3687 molendino

395 3722 549 3801 molitum,
578 3723 668 3810 cujus
697 3744 772 3786 usus
802 3730 851 3786 est
879 3721 911 3784 in
937 3722 1034 3801 libris,
1060 3729 1237 3807 temperant
1258 3744 1353 3811 aqua,
1379 3733 1413 3788 et

318 3835 485 3914 argentum
507 3826 659 3906 similiter,
675 3827 824 3892 facientes
838 3825 912 3890 inde
934 3824 1068 3889 circulos
1083 3823 1161 3888 etin
1183 3824 1228 3889 eis
1244 3825 1411 3913 imagines,

319 3931 385 3998 sive
400 3931 528 4013 bestias,
543 3940 599 3996 aut
614 3951 699 4011 aves,
714 3951 809 4017 opere
823 3928 958 4008 variato,
973 3936 1006 3992 et
1026 3927 1140 3992 liniunt
1153 3927 1223 3993 haec
1238 3928 1319 3994 vitro
1333 3929 1412 3994 luci-

319 4034 459 4115 dissimo,
474 4035 514 4098 de
540 4057 605 4121 quo
627 4033 890 4120 supradiximus.
937 4031 1062 4096 Deinde
1087 4030 1277 4116 accipientes
1296 4030 1412 4095 vitrum

319 4138 427 4204 album
443 4145 475 4201 et
495 4136 704 4202 rubicundum
719 4156 757 4199 ac
779 4135 888 4214 viride,
903 4154 1039 4221 quorum
1053 4155 1131 4197 risus
1152 4141 1201 4197 est
1221 4132 1255 4195 in
1277 4132 1411 4214 electris,

317 4249 425 4307 terunt
439 4261 533 4326 super
546 4238 684 4325 lapidem
698 4236 935 4324 porphiriticum
951 4236 1200 4323 unumquodque
1214 4255 1270 4322 per
1284 4257 1319 4300 se
1341 4235 1413 4300 dili-

320 4351 430 4431 genter
460 4364 534 4408 cum
569 4361 662 4426 aqua,
692 4349 725 4403 et
757 4339 830 4404 inde
859 4341 994 4426 pingunt
1027 4338 1177 4405 flosculos
1218 4349 1250 4403 et
1297 4340 1411 4420 nodoS,

482 4502 489 4532 r
507 4504 523 4531 u
533 4499 690 4566 mmdumss'
700 4497 782 4551 vitimd
791 4501 820 4550 tn
830 4501 887 4551 MS.
898 4500 972 4550 Harl.
982 4499 1011 4550 in
1020 4499 1113 4559 mis,
1124 4507 1150 4548 Μ
1159 4515 1242 4564 ΜΝ·
