3236 5144
653 513 844 559 annornm
868 515 971 560 uana
992 517 1046 559 lll.

610 823 848 921 CAPUT
906 825 1089 921 XXIL

325 1066 370 1110 DE
393 1067 554 1112 VASGULIS
577 1070 624 1112 An
647 1071 956 1122 uounnnclnnnun
982 1071 1106 1114 AURUM
1130 1071 1172 1114 m*
1196 1069 1395 1113 ARGENTUH.

312 1211 473 1364 HAEC
488 1219 595 1282 omnia
610 1241 674 1305 prae
690 1220 835 1284 manibus
851 1219 984 1298 habens,
999 1219 1109 1305 accipe
1130 1219 1273 1304 argillam
1288 1216 1406 1294 albam

421 1328 453 1383 et
476 1329 541 1384 tere
565 1343 636 1386 eam
664 1323 887 1402 minutissime,
913 1323 1116 1409 acceptisque
1142 1321 1225 1386 vasis
1247 1319 1406 1385 veteribus

307 1421 339 1483 in
364 1418 478 1507 quibus
515 1444 626 1487 aurum
650 1425 699 1488 vel
721 1435 888 1510 argentum
909 1425 996 1511 prius
1026 1425 1165 1488 infusum
1189 1423 1291 1503 buerit,
1315 1445 1404 1487 com-

309 1523 414 1586 minue
444 1523 652 1610 singulariter.
708 1525 791 1602 Quae
820 1527 846 1590 si
877 1550 942 1592 non
981 1527 1111 1605 habeas,
1141 1527 1249 1612 accipe
1271 1525 1403 1589 testulas

308 1625 377 1689 ollae
393 1625 483 1704 albae,
499 1638 531 1690 et
546 1629 636 1692 mitte
651 1651 705 1693 eas
728 1630 759 1692 in
775 1630 884 1714 ignem
899 1630 1002 1694 donec
1018 1631 1223 1706 candescant,
1239 1637 1270 1691 et
1291 1627 1317 1690 si
1339 1648 1404 1690 non

307 1727 457 1806 resiliunt,
473 1727 541 1792 sine
566 1729 741 1816 refrigerari
766 1741 798 1794 et
821 1740 887 1796 tere
910 1733 1120 1820 singulariter.
1167 1731 1293 1794 Deinde
1319 1751 1403 1816 pone

306 1828 386 1892 duaa
412 1839 517 1914 partes
540 1831 660 1916 argillae
680 1833 763 1896 tritae
778 1833 825 1898 et¹
848 1843 995 1921 quartam
1021 1843 1121 1899 coctae
1143 1843 1243 1912 testae,
1262 1840 1295 1896 et
1315 1853 1403 1895 com·

307 1931 440 1994 misceas
463 1953 535 1995 cnm
561 1955 644 2018 aqua
667 1935 783 2020 tepida,
799 1958 926 2000 macera
950 1937 1081 2016 fortiter,
1097 1945 1129 2001 et
1151 1936 1225 2000 inde
1246 1956 1401 2019 compone

306 2033 434 2096 vascula
464 2035 585 2119 majora
614 2045 647 2098 et
673 2037 806 2118 minora,
830 2039 862 2101 in
889 2040 1004 2126 quibus
1028 2038 1214 2125 liquefacias
1240 2059 1350 2100 aurum
1370 2047 1404 2098 et

306 2144 482 2220 argentum.
530 2135 661 2202 Interim
672 2161 759 2219 vero,
774 2141 851 2205 dum
866 2143 1034 2220 siccantur,
1043 2141 1176 2226 accepti
1189 2139 1308 2205 statera
1321 2161 1402 2225 pon-

305 2235 381 2299 dera
403 2258 514 2302 aurum
538 2241 587 2304 vel
608 2251 785 2327 argentum,
801 2244 887 2329 quod
911 2243 1034 2330 operari
1057 2243 1205 2307 volueris.
1250 2240 1347 2317 Quod
1374 2242 1401 2304 si

305 2349 470 2424 argentum
487 2363 599 2426 purum
615 2365 679 2408 non
697 2345 799 2424 fuerit,
815 2346 877 2410 hoc
892 2346 990 2409 modo
1005 2346 1149 2432 purifica.

619 2633 1099 2643 ,ψη-.-

592 2871 827 2966 CAPUT
884 2871 1100 2966 XXHL

605 3091 651 3134 DE
674 3089 905 3134 Pvalmcanno
929 3091 1097 3135 nannum.

307 3221 522 3378 CRIBRA
545 3223 674 3300 cineres,
694 3223 903 3287 commiscens
919 3245 974 3288 eos
990 3225 1087 3310 aqud,
1103 3235 1135 3289 et
1157 3226 1265 3310 accipe
1286 3233 1400 3289 testam

398 3328 467 3392 ollas
482 3325 512 3389 in
540 3327 613 3412 igne
638 3326 817 3412 probatam,
834 3349 905 3413 quae
928 3335 1025 3390 tantae
1045 3328 1275 3413 magnitudinis
1297 3328 1349 3406 sit,
1367 3328 1401 3390 in

304 3452 367 3517 qua
389 3430 500 3494 credas
526 3439 693 3516 argentum
708 3429 860 3516 liquefieri
883 3449 987 3516 posse,
1003 3430 1090 3516 quod
1113 3429 1271 3515 purificari
1294 3427 1402 3508 debet,

304 3542 339 3597 ut
354 3554 418 3597 non
434 3531 624 3611 effundatur,
640 3540 672 3595 et
687 3532 776 3594 mitte
792 3531 913 3596 eineres
928 3532 961 3596 in
975 3554 1058 3611 eam,
1074 3533 1105 3596 in
1121 3532 1227 3597 medio
1242 3541 1353 3597 tenues
1368 3542 1402 3595 et

303 3636 385 3699 circa
400 3655 488 3698 oram
504 3633 633 3719 spissos,
648 3643 680 3696 et
695 3632 779 3696 sicca
794 3633 835 3696 ad
856 3634 1021 3699 carbones.
1067 3634 1141 3711 Qua
1156 3637 1274 3700 siccata
1286 3656 1400 3698 amove

302 3737 486 3803 carbonesa
500 3737 627 3800 fornace
642 3735 813 3817 modicum,
823 3745 855 3799 et
870 3759 953 3822 pone
967 3738 1069 3823 ipsam
1083 3761 1156 3802 cum
1171 3737 1327 3802 cineribus
1339 3737 1400 3800 sub

303 3838 456 3906 lammina
479 3847 552 3904 ante
568 3839 738 3918 fornacem,
755 3839 799 3902 sic
826 3850 862 3904 ut
879 3848 992 3904 ventus
1019 3862 1059 3906 ex
1084 3841 1159 3905 folle
1184 3839 1217 3904 in
1238 3861 1309 3904 eam
1332 3840 1399 3920 flet,

223 3943 226 3950 '
302 3939 568 4027 superpositisque
591 3941 781 4005 carbonibus
804 3943 896 4006 suffla
918 3943 1021 4008 donec
1043 3944 1224 4008 candescat.
1272 3942 1400 4008 Deinde

303 4043 392 4110 mitte
408 4053 573 4130 argentum
588 4041 621 4106 in
637 4063 718 4121 eam,
734 4053 766 4108 et
781 4065 959 4131 superpone
971 4045 1132 4109 modicum
1144 4045 1277 4132 plumbi,
1290 4065 1399 4132 super-

299 4145 457 4234 jectisque
475 4143 667 4209 carbonibus
681 4143 819 4231 liquefac
834 4146 921 4227 illud,
936 4156 968 4211 et
989 4147 1109 4212 habeas
1120 4147 1215 4233 juxta
1229 4156 1261 4212 te
1275 4148 1398 4232 virgam

303 4269 342 4313 ex
369 4270 444 4334 sepe
471 4255 563 4312 vento
586 4247 748 4326 siccatam,
765 4269 837 4312 cum
853 4271 917 4335 qua
939 4250 1152 4338 discooperies
1170 4251 1351 4336 diligenter,
1367 4258 1401 4313 et

659 4449 666 4477 ¹
686 4453 701 4478 ¹‘
712 4449 825 4512 tertiam,”
836 4469 862 4501 tx
873 4453 929 4501 MS.
940 4455 1038 4516 eulpa.
