<?xml version="1.0" encoding="UTF-8"?>
<!DOCTYPE html PUBLIC "-//W3C//DTD XHTML 1.0 Transitional//EN"
    "http://www.w3.org/TR/xhtml1/DTD/xhtml1-transitional.dtd">
<html xmlns="http://www.w3.org/1999/xhtml" xml:lang="en" lang="en">
 <head>
  <title>
</title>
<meta http-equiv="Content-Type" content="text/html;charset=utf-8" />
  <meta name='ocr-system' content='tesseract 3.04.00' />
  <meta name='ocr-capabilities' content='ocr_page ocr_carea ocr_par ocr_line ocrx_word'/>
</head>
<body>
  <div class='ocr_page' id='page_1' title='image "./theophiliquietr00hendgoog_0334.png"; bbox 0 0 3236 5144; ppageno 0'>
   <div class='ocr_carea' id='block_1_1' title="bbox 630 451 1021 496">
    <p class='ocr_par' dir='ltr' id='par_1_1' title="bbox 630 451 1021 496">
     <span class='ocr_line' id='line_1_1' title="bbox 630 451 1021 496; baseline -0.003 -1"><span class='ocrx_word' id='word_1_1' title='bbox 630 453 819 496; x_wconf 68' lang='lat' dir='ltr'>‘tunorium</span> <span class='ocrx_word' id='word_1_2' title='bbox 842 451 945 496; x_wconf 72' lang='lat' dir='ltr'>unsa</span> <span class='ocrx_word' id='word_1_3' title='bbox 969 453 1021 496; x_wconf 82' lang='grc' dir='ltr'><strong>ΙΙΙ.</strong></span> 
     </span>
    </p>
   </div>
   <div class='ocr_carea' id='block_1_2' title="bbox 543 875 1066 992">
    <p class='ocr_par' dir='ltr' id='par_1_2' title="bbox 543 875 1066 992">
     <span class='ocr_line' id='line_1_2' title="bbox 543 875 1066 992; baseline 0.002 -20"><span class='ocrx_word' id='word_1_4' title='bbox 543 875 819 992; x_wconf 78' lang='grc' dir='ltr'>ΙΟΑΡΠΤ</span> <span class='ocrx_word' id='word_1_5' title='bbox 875 876 1066 974; x_wconf 88' lang='lat' dir='ltr'>XLIX.</span> 
     </span>
    </p>
   </div>
   <div class='ocr_carea' id='block_1_3' title="bbox 643 1093 1015 1140">
    <p class='ocr_par' dir='ltr' id='par_1_3' title="bbox 643 1093 1015 1140">
     <span class='ocr_line' id='line_1_3' title="bbox 643 1093 1015 1140; baseline -0.003 0"><span class='ocrx_word' id='word_1_6' title='bbox 643 1096 689 1140; x_wconf 78' lang='lat' dir='ltr'>DE</span> <span class='ocrx_word' id='word_1_7' title='bbox 711 1095 805 1140; x_wconf 76' lang='lat' dir='ltr'>AURO</span> <span class='ocrx_word' id='word_1_8' title='bbox 828 1093 1015 1140; x_wconf 71' lang='lat' dir='ltr'>seuuemo.</span> 
     </span>
    </p>
   </div>
   <div class='ocr_carea' id='block_1_4' title="bbox 213 1241 1380 2225">
    <p class='ocr_par' dir='ltr' id='par_1_4' title="bbox 279 1241 1379 1942">
     <span class='ocr_line' id='line_1_4' title="bbox 282 1241 1378 1394; baseline -0.002 -86"><span class='ocrx_word' id='word_1_9' title='bbox 282 1241 408 1394; x_wconf 85' lang='lat' dir='ltr'>EST</span> <span class='ocrx_word' id='word_1_10' title='bbox 419 1241 505 1306; x_wconf 87' lang='lat' dir='ltr'>aliud</span> <span class='ocrx_word' id='word_1_11' title='bbox 516 1265 627 1308; x_wconf 88' lang='lat' dir='ltr'>aurum</span> <span class='ocrx_word' id='word_1_12' title='bbox 639 1243 725 1330; x_wconf 93' lang='lat' dir='ltr'>quod</span> <span class='ocrx_word' id='word_1_13' title='bbox 738 1243 851 1309; x_wconf 90' lang='lat' dir='ltr'>dicitur</span> <span class='ocrx_word' id='word_1_14' title='bbox 861 1243 1072 1325; x_wconf 78' lang='lat' dir='ltr'><strong>harenarium,</strong></span> <span class='ocrx_word' id='word_1_15' title='bbox 1084 1244 1171 1332; x_wconf 94' lang='lat' dir='ltr'>quod</span> <span class='ocrx_word' id='word_1_16' title='bbox 1183 1243 1334 1330; x_wconf 86' lang='lat' dir='ltr'>reperitur</span> <span class='ocrx_word' id='word_1_17' title='bbox 1344 1241 1378 1306; x_wconf 92' lang='lat' dir='ltr'>in</span> 
     </span>
     <span class='ocr_line' id='line_1_5' title="bbox 379 1345 1378 1424; baseline 0 -16"><span class='ocrx_word' id='word_1_18' title='bbox 379 1345 535 1410; x_wconf 82' lang='lat' dir='ltr'>littoribus</span> <span class='ocrx_word' id='word_1_19' title='bbox 548 1345 631 1411; x_wconf 89' lang='lat' dir='ltr'>Reni</span> <span class='ocrx_word' id='word_1_20' title='bbox 643 1346 705 1412; x_wconf 86' lang='lat' dir='ltr'>hoc</span> <span class='ocrx_word' id='word_1_21' title='bbox 717 1348 824 1412; x_wconf 76' lang='lat' dir='ltr'>modo,</span> <span class='ocrx_word' id='word_1_22' title='bbox 850 1347 1026 1413; x_wconf 90' lang='lat' dir='ltr'>Fodiuntur</span> <span class='ocrx_word' id='word_1_23' title='bbox 1037 1348 1164 1412; x_wconf 86' lang='lat' dir='ltr'>harenae</span> <span class='ocrx_word' id='word_1_24' title='bbox 1174 1347 1207 1410; x_wconf 93' lang='lat' dir='ltr'>in</span> <span class='ocrx_word' id='word_1_25' title='bbox 1218 1346 1295 1412; x_wconf 89' lang='lat' dir='ltr'>locis</span> <span class='ocrx_word' id='word_1_26' title='bbox 1307 1345 1378 1424; x_wconf 91' lang='lat' dir='ltr'>illis,</span> 
     </span>
     <span class='ocr_line' id='line_1_6' title="bbox 281 1447 1378 1536; baseline -0.001 -25"><span class='ocrx_word' id='word_1_27' title='bbox 281 1447 336 1511; x_wconf 94' lang='lat' dir='ltr'>ubi</span> <span class='ocrx_word' id='word_1_28' title='bbox 362 1469 435 1534; x_wconf 89' lang='lat' dir='ltr'>spes</span> <span class='ocrx_word' id='word_1_29' title='bbox 461 1448 635 1534; x_wconf 91' lang='lat' dir='ltr'>reperiendi</span> <span class='ocrx_word' id='word_1_30' title='bbox 662 1459 721 1527; x_wconf 91' lang='lat' dir='ltr'>est,</span> <span class='ocrx_word' id='word_1_31' title='bbox 744 1458 776 1512; x_wconf 91' lang='lat' dir='ltr'>et</span> <span class='ocrx_word' id='word_1_32' title='bbox 802 1459 964 1536; x_wconf 91' lang='lat' dir='ltr'>ponuntur</span> <span class='ocrx_word' id='word_1_33' title='bbox 985 1472 1079 1536; x_wconf 88' lang='lat' dir='ltr'>super</span> <span class='ocrx_word' id='word_1_34' title='bbox 1100 1449 1222 1536; x_wconf 90' lang='lat' dir='ltr'>ligneas</span> <span class='ocrx_word' id='word_1_35' title='bbox 1243 1449 1378 1512; x_wconf 87' lang='lat' dir='ltr'>tabulas.</span> 
     </span>
     <span class='ocr_line' id='line_1_7' title="bbox 282 1549 1379 1638; baseline -0.003 -23"><span class='ocrx_word' id='word_1_36' title='bbox 282 1549 407 1615; x_wconf 84' lang='lat' dir='ltr'>Deinde</span> <span class='ocrx_word' id='word_1_37' title='bbox 436 1551 674 1636; x_wconf 76' lang='lat' dir='ltr'>superfunditur</span> <span class='ocrx_word' id='word_1_38' title='bbox 703 1573 787 1638; x_wconf 93' lang='lat' dir='ltr'>aqua</span> <span class='ocrx_word' id='word_1_39' title='bbox 817 1551 997 1638; x_wconf 83' lang='lat' dir='ltr'>frequenter</span> <span class='ocrx_word' id='word_1_40' title='bbox 1024 1560 1058 1615; x_wconf 86' lang='lat' dir='ltr'>et</span> <span class='ocrx_word' id='word_1_41' title='bbox 1083 1550 1259 1636; x_wconf 86' lang='lat' dir='ltr'>diligenter,</span> <span class='ocrx_word' id='word_1_42' title='bbox 1289 1549 1379 1613; x_wconf 89' lang='lat' dir='ltr'>efflu-</span> 
     </span>
     <span class='ocr_line' id='line_1_8' title="bbox 280 1652 1378 1742; baseline -0.003 -24"><span class='ocrx_word' id='word_1_43' title='bbox 280 1653 468 1742; x_wconf 91' lang='lat' dir='ltr'>entibusque</span> <span class='ocrx_word' id='word_1_44' title='bbox 482 1653 608 1718; x_wconf 82' lang='lat' dir='ltr'>harenis</span> <span class='ocrx_word' id='word_1_45' title='bbox 623 1663 765 1718; x_wconf 83' lang='lat' dir='ltr'>remanet</span> <span class='ocrx_word' id='word_1_46' title='bbox 778 1674 888 1716; x_wconf 87' lang='lat' dir='ltr'>aumm</span> <span class='ocrx_word' id='word_1_47' title='bbox 904 1653 1154 1733; x_wconf 88' lang='lat' dir='ltr'>subtilissimum,</span> <span class='ocrx_word' id='word_1_48' title='bbox 1169 1652 1255 1740; x_wconf 94' lang='lat' dir='ltr'>quod</span> <span class='ocrx_word' id='word_1_49' title='bbox 1270 1652 1378 1736; x_wconf 88' lang='lat' dir='ltr'>singu-</span> 
     </span>
     <span class='ocr_line' id='line_1_9' title="bbox 279 1753 1378 1842; baseline -0.003 -22"><span class='ocrx_word' id='word_1_50' title='bbox 279 1755 386 1820; x_wconf 90' lang='lat' dir='ltr'>lariter</span> <span class='ocrx_word' id='word_1_51' title='bbox 410 1755 443 1818; x_wconf 92' lang='lat' dir='ltr'>in</span> <span class='ocrx_word' id='word_1_52' title='bbox 465 1755 595 1820; x_wconf 85' lang='lat' dir='ltr'>vasculo</span> <span class='ocrx_word' id='word_1_53' title='bbox 619 1755 788 1840; x_wconf 89' lang='lat' dir='ltr'>reponitur.</span> <span class='ocrx_word' id='word_1_54' title='bbox 834 1753 981 1842; x_wconf 88' lang='lat' dir='ltr'>Cumque</span> <span class='ocrx_word' id='word_1_55' title='bbox 1004 1776 1061 1818; x_wconf 86' lang='lat' dir='ltr'>vas</span> <span class='ocrx_word' id='word_1_56' title='bbox 1084 1754 1250 1818; x_wconf 91' lang='lat' dir='ltr'>dimidium</span> <span class='ocrx_word' id='word_1_57' title='bbox 1274 1754 1378 1832; x_wconf 84' lang='lat' dir='ltr'>fuerit,</span> 
     </span>
     <span class='ocr_line' id='line_1_10' title="bbox 280 1855 1379 1942; baseline 0 -24"><span class='ocrx_word' id='word_1_58' title='bbox 280 1855 453 1941; x_wconf 83' lang='lat' dir='ltr'>imponitur</span> <span class='ocrx_word' id='word_1_59' title='bbox 473 1858 579 1920; x_wconf 86' lang='lat' dir='ltr'>vivum</span> <span class='ocrx_word' id='word_1_60' title='bbox 602 1865 780 1942; x_wconf 89' lang='lat' dir='ltr'>argentum,</span> <span class='ocrx_word' id='word_1_61' title='bbox 801 1865 834 1920; x_wconf 88' lang='lat' dir='ltr'>et</span> <span class='ocrx_word' id='word_1_62' title='bbox 855 1878 952 1920; x_wconf 87' lang='lat' dir='ltr'>manu</span> <span class='ocrx_word' id='word_1_63' title='bbox 974 1856 1094 1920; x_wconf 83' lang='lat' dir='ltr'>fortiter</span> <span class='ocrx_word' id='word_1_64' title='bbox 1116 1856 1254 1935; x_wconf 83' lang='lat' dir='ltr'>fricatur,</span> <span class='ocrx_word' id='word_1_65' title='bbox 1276 1855 1379 1920; x_wconf 88' lang='lat' dir='ltr'>donec</span> 
     </span>
    </p>

    <p class='ocr_par' dir='ltr' id='par_1_5' title="bbox 213 1957 1380 2225">
     <span class='ocr_line' id='line_1_11' title="bbox 281 1957 1378 2045; baseline -0.003 -23"><span class='ocrx_word' id='word_1_66' title='bbox 281 1957 412 2022; x_wconf 91' lang='lat' dir='ltr'>omnino</span> <span class='ocrx_word' id='word_1_67' title='bbox 435 1958 687 2037; x_wconf 89' lang='lat' dir='ltr'>commisceatur,</span> <span class='ocrx_word' id='word_1_68' title='bbox 710 1959 819 2045; x_wconf 89' lang='lat' dir='ltr'>sicque</span> <span class='ocrx_word' id='word_1_69' title='bbox 842 1960 980 2044; x_wconf 91' lang='lat' dir='ltr'>positum</span> <span class='ocrx_word' id='word_1_70' title='bbox 1004 1959 1037 2022; x_wconf 93' lang='lat' dir='ltr'>in</span> <span class='ocrx_word' id='word_1_71' title='bbox 1064 1980 1204 2045; x_wconf 90' lang='lat' dir='ltr'>pannum</span> <span class='ocrx_word' id='word_1_72' title='bbox 1230 1957 1378 2022; x_wconf 88' lang='lat' dir='ltr'>subtilem</span> 
     </span>
     <span class='ocr_line' id='line_1_12' title="bbox 213 2040 1380 2147; baseline -0.001 -24"><span class='ocrx_word' id='word_1_73' title='bbox 213 2040 220 2057; x_wconf 60' lang='lat'>⁸</span> <span class='ocrx_word' id='word_1_74' title='bbox 279 2067 486 2146; x_wconf 74' lang='lat' dir='ltr'>extorquetur</span> <span class='ocrx_word' id='word_1_75' title='bbox 505 2060 611 2123; x_wconf 84' lang='lat' dir='ltr'>rivum</span> <span class='ocrx_word' id='word_1_76' title='bbox 634 2069 819 2146; x_wconf 87' lang='lat' dir='ltr'>argentum;</span> <span class='ocrx_word' id='word_1_77' title='bbox 842 2060 929 2147; x_wconf 92' lang='lat' dir='ltr'>quod</span> <span class='ocrx_word' id='word_1_78' title='bbox 949 2083 1024 2126; x_wconf 84' lang='lat' dir='ltr'>vero</span> <span class='ocrx_word' id='word_1_79' title='bbox 1047 2061 1232 2126; x_wconf 85' lang='lat' dir='ltr'>remanserit</span> <span class='ocrx_word' id='word_1_80' title='bbox 1252 2059 1380 2146; x_wconf 92' lang='lat' dir='ltr'>ponitur</span> 
     </span>
     <span class='ocr_line' id='line_1_13' title="bbox 280 2157 765 2225; baseline 0.008 -5"><span class='ocrx_word' id='word_1_81' title='bbox 280 2157 313 2222; x_wconf 93' lang='lat' dir='ltr'>in</span> <span class='ocrx_word' id='word_1_82' title='bbox 328 2181 384 2224; x_wconf 90' lang='lat' dir='ltr'>vas</span> <span class='ocrx_word' id='word_1_83' title='bbox 400 2158 549 2225; x_wconf 89' lang='lat' dir='ltr'>fusorium</span> <span class='ocrx_word' id='word_1_84' title='bbox 566 2170 599 2225; x_wconf 90' lang='lat' dir='ltr'>et</span> <span class='ocrx_word' id='word_1_85' title='bbox 612 2161 765 2225; x_wconf 87' lang='lat' dir='ltr'>funditur.</span> 
     </span>
    </p>
   </div>
   <div class='ocr_carea' id='block_1_5' title="bbox 659 2769 999 2869">
    <p class='ocr_par' dir='ltr' id='par_1_6' title="bbox 659 2769 999 2869">
     <span class='ocr_line' id='line_1_14' title="bbox 659 2769 999 2869; baseline 0.009 -3"><span class='ocrx_word' id='word_1_86' title='bbox 659 2769 892 2868; x_wconf 83' lang='lat' dir='ltr'><strong>CAPUT</strong></span> <span class='ocrx_word' id='word_1_87' title='bbox 951 2771 999 2869; x_wconf 78' lang='lat' dir='ltr'>L</span> 
     </span>
    </p>
   </div>
   <div class='ocr_carea' id='block_1_6' title="bbox 539 2987 1125 3039">
    <p class='ocr_par' dir='ltr' id='par_1_7' title="bbox 539 2987 1125 3039">
     <span class='ocr_line' id='line_1_15' title="bbox 539 2987 1125 3039; baseline 0.01 -7"><span class='ocrx_word' id='word_1_88' title='bbox 539 2987 585 3033; x_wconf 83' lang='lat' dir='ltr'>DB</span> <span class='ocrx_word' id='word_1_89' title='bbox 608 2987 830 3034; x_wconf 73' lang='lat' dir='ltr'>FABRIOANDO</span> <span class='ocrx_word' id='word_1_90' title='bbox 854 2991 969 3038; x_wconf 74' lang='lat' dir='ltr'>AUREO</span> <span class='ocrx_word' id='word_1_91' title='bbox 991 2993 1125 3039; x_wconf 70' lang='lat' dir='ltr'>onmes.</span> 
     </span>
    </p>
   </div>
   <div class='ocr_carea' id='block_1_7' title="bbox 279 3133 1380 4452">
    <p class='ocr_par' dir='ltr' id='par_1_8' title="bbox 279 3133 1380 4452">
     <span class='ocr_line' id='line_1_16' title="bbox 287 3133 1379 3290; baseline 0.004 -87"><span class='ocrx_word' id='word_1_92' title='bbox 287 3133 477 3290; x_wconf 85' lang='lat' dir='ltr'>IGITUR</span> <span class='ocrx_word' id='word_1_93' title='bbox 504 3136 719 3222; x_wconf 81' lang='lat' dir='ltr'>mjuscunque</span> <span class='ocrx_word' id='word_1_94' title='bbox 740 3139 864 3226; x_wconf 82' lang='lat' dir='ltr'>generis</span> <span class='ocrx_word' id='word_1_95' title='bbox 886 3163 996 3205; x_wconf 88' lang='lat' dir='ltr'>aurum</span> <span class='ocrx_word' id='word_1_96' title='bbox 1019 3141 1176 3223; x_wconf 79' lang='lat' dir='ltr'>habueris,</span> <span class='ocrx_word' id='word_1_97' title='bbox 1199 3143 1225 3208; x_wconf 85' lang='lat' dir='ltr'>si</span> <span class='ocrx_word' id='word_1_98' title='bbox 1247 3143 1379 3207; x_wconf 80' lang='lat' dir='ltr'>calicem</span> 
     </span>
     <span class='ocr_line' id='line_1_17' title="bbox 352 3240 1380 3331; baseline 0.006 -27"><span class='ocrx_word' id='word_1_99' title='bbox 352 3240 425 3304; x_wconf 90' lang='lat' dir='ltr'>inde</span> <span class='ocrx_word' id='word_1_100' title='bbox 448 3260 640 3325; x_wconf 90' lang='lat' dir='ltr'>componere</span> <span class='ocrx_word' id='word_1_101' title='bbox 662 3240 807 3322; x_wconf 87' lang='lat' dir='ltr'>volueris,</span> <span class='ocrx_word' id='word_1_102' title='bbox 831 3251 863 3306; x_wconf 90' lang='lat' dir='ltr'>et</span> <span class='ocrx_word' id='word_1_103' title='bbox 887 3265 999 3310; x_wconf 89' lang='lat' dir='ltr'>ornare</span> <span class='ocrx_word' id='word_1_104' title='bbox 1022 3245 1179 3331; x_wconf 79' lang='lat' dir='ltr'>lapidibus</span> <span class='ocrx_word' id='word_1_105' title='bbox 1201 3253 1234 3309; x_wconf 90' lang='lat' dir='ltr'>et</span> <span class='ocrx_word' id='word_1_106' title='bbox 1256 3245 1380 3310; x_wconf 80' lang='lat' dir='ltr'>electris</span> 
     </span>
     <span class='ocr_line' id='line_1_18' title="bbox 283 3340 1380 3434; baseline 0.003 -25"><span class='ocrx_word' id='word_1_107' title='bbox 283 3355 380 3431; x_wconf 85' lang='lat' dir='ltr'>etque</span> <span class='ocrx_word' id='word_1_108' title='bbox 399 3341 586 3427; x_wconf 81' lang='lat' dir='ltr'>margaritis,</span> <span class='ocrx_word' id='word_1_109' title='bbox 601 3340 663 3406; x_wconf 92' lang='lat' dir='ltr'>hoc</span> <span class='ocrx_word' id='word_1_110' title='bbox 684 3342 781 3407; x_wconf 91' lang='lat' dir='ltr'>modo</span> <span class='ocrx_word' id='word_1_111' title='bbox 801 3345 941 3431; x_wconf 87' lang='lat' dir='ltr'>incipies.</span> <span class='ocrx_word' id='word_1_112' title='bbox 987 3347 1131 3411; x_wconf 90' lang='lat' dir='ltr'>Primum</span> <span class='ocrx_word' id='word_1_113' title='bbox 1154 3347 1255 3433; x_wconf 84' lang='lat' dir='ltr'>proba</span> <span class='ocrx_word' id='word_1_114' title='bbox 1275 3357 1380 3434; x_wconf 87' lang='lat' dir='ltr'>partes</span> 
     </span>
     <span class='ocr_line' id='line_1_19' title="bbox 283 3444 1379 3534; baseline -0.002 -23"><span class='ocrx_word' id='word_1_115' title='bbox 283 3447 425 3532; x_wconf 84' lang='lat' dir='ltr'>singulas</span> <span class='ocrx_word' id='word_1_116' title='bbox 451 3445 528 3523; x_wconf 86' lang='lat' dir='ltr'>auri,</span> <span class='ocrx_word' id='word_1_117' title='bbox 554 3444 581 3508; x_wconf 89' lang='lat' dir='ltr'>si</span> <span class='ocrx_word' id='word_1_118' title='bbox 611 3455 745 3531; x_wconf 86' lang='lat' dir='ltr'>possunt</span> <span class='ocrx_word' id='word_1_119' title='bbox 770 3468 843 3509; x_wconf 90' lang='lat' dir='ltr'>cum</span> <span class='ocrx_word' id='word_1_120' title='bbox 874 3449 989 3512; x_wconf 90' lang='lat' dir='ltr'>malleo</span> <span class='ocrx_word' id='word_1_121' title='bbox 1018 3448 1150 3534; x_wconf 88' lang='lat' dir='ltr'>percuti,</span> <span class='ocrx_word' id='word_1_122' title='bbox 1175 3449 1222 3513; x_wconf 86' lang='lat' dir='ltr'>sic</span> <span class='ocrx_word' id='word_1_123' title='bbox 1250 3457 1286 3512; x_wconf 90' lang='lat' dir='ltr'>ut</span> <span class='ocrx_word' id='word_1_124' title='bbox 1314 3467 1379 3510; x_wconf 91' lang='lat' dir='ltr'>non</span> 
     </span>
     <span class='ocr_line' id='line_1_20' title="bbox 283 3545 1379 3636; baseline -0.001 -25"><span class='ocrx_word' id='word_1_125' title='bbox 283 3547 455 3624; x_wconf 88' lang='lat' dir='ltr'>findantur,</span> <span class='ocrx_word' id='word_1_126' title='bbox 477 3556 510 3610; x_wconf 90' lang='lat' dir='ltr'>et</span> <span class='ocrx_word' id='word_1_127' title='bbox 531 3545 681 3633; x_wconf 91' lang='lat' dir='ltr'>quicquid</span> <span class='ocrx_word' id='word_1_128' title='bbox 705 3568 769 3610; x_wconf 93' lang='lat' dir='ltr'>non</span> <span class='ocrx_word' id='word_1_129' title='bbox 792 3548 922 3612; x_wconf 87' lang='lat' dir='ltr'>finditur</span> <span class='ocrx_word' id='word_1_130' title='bbox 944 3549 1142 3635; x_wconf 82' lang='lat' dir='ltr'>singulariter</span> <span class='ocrx_word' id='word_1_131' title='bbox 1164 3569 1264 3636; x_wconf 90' lang='lat' dir='ltr'>pone;</span> <span class='ocrx_word' id='word_1_132' title='bbox 1291 3547 1379 3634; x_wconf 92' lang='lat' dir='ltr'>quod</span> 
     </span>
     <span class='ocr_line' id='line_1_21' title="bbox 283 3647 1379 3736; baseline -0.002 -24"><span class='ocrx_word' id='word_1_133' title='bbox 283 3670 358 3712; x_wconf 81' lang='lat' dir='ltr'>vero</span> <span class='ocrx_word' id='word_1_134' title='bbox 373 3647 512 3726; x_wconf 87' lang='lat' dir='ltr'>finditur,</span> <span class='ocrx_word' id='word_1_135' title='bbox 527 3647 724 3732; x_wconf 83' lang='lat' dir='ltr'>singulariter</span> <span class='ocrx_word' id='word_1_136' title='bbox 738 3657 774 3711; x_wconf 90' lang='lat' dir='ltr'>ut</span> <span class='ocrx_word' id='word_1_137' title='bbox 788 3661 953 3736; x_wconf 88' lang='lat' dir='ltr'>coquatur.</span> <span class='ocrx_word' id='word_1_138' title='bbox 993 3651 1120 3716; x_wconf 86' lang='lat' dir='ltr'>Deinde</span> <span class='ocrx_word' id='word_1_139' title='bbox 1134 3651 1241 3736; x_wconf 86' lang='lat' dir='ltr'>accipe</span> <span class='ocrx_word' id='word_1_140' title='bbox 1256 3657 1379 3734; x_wconf 87' lang='lat' dir='ltr'>partem</span> 
     </span>
     <span class='ocr_line' id='line_1_22' title="bbox 283 3749 1379 3837; baseline -0.001 -23"><span class='ocrx_word' id='word_1_141' title='bbox 283 3749 390 3814; x_wconf 86' lang='lat' dir='ltr'>lateris</span> <span class='ocrx_word' id='word_1_142' title='bbox 411 3749 505 3828; x_wconf 86' lang='lat' dir='ltr'>cocti,</span> <span class='ocrx_word' id='word_1_143' title='bbox 527 3759 560 3812; x_wconf 90' lang='lat' dir='ltr'>et</span> <span class='ocrx_word' id='word_1_144' title='bbox 581 3752 753 3814; x_wconf 86' lang='lat' dir='ltr'>secundum</span> <span class='ocrx_word' id='word_1_145' title='bbox 776 3753 988 3837; x_wconf 85' lang='lat' dir='ltr'>quantitatem</span> <span class='ocrx_word' id='word_1_146' title='bbox 1014 3755 1082 3819; x_wconf 89' lang='lat' dir='ltr'>auri</span> <span class='ocrx_word' id='word_1_147' title='bbox 1104 3755 1178 3818; x_wconf 91' lang='lat' dir='ltr'>fode</span> <span class='ocrx_word' id='word_1_148' title='bbox 1200 3753 1232 3815; x_wconf 93' lang='lat' dir='ltr'>in</span> <span class='ocrx_word' id='word_1_149' title='bbox 1253 3773 1292 3814; x_wconf 91' lang='lat' dir='ltr'>eo</span> <span class='ocrx_word' id='word_1_150' title='bbox 1314 3751 1379 3814; x_wconf 90' lang='lat' dir='ltr'>fos·</span> 
     </span>
     <span class='ocr_line' id='line_1_23' title="bbox 283 3851 1380 3940; baseline -0.005 -22"><span class='ocrx_word' id='word_1_151' title='bbox 283 3873 402 3932; x_wconf 88' lang='lat' dir='ltr'>suram,</span> <span class='ocrx_word' id='word_1_152' title='bbox 416 3873 487 3938; x_wconf 85' lang='lat' dir='ltr'>quae</span> <span class='ocrx_word' id='word_1_153' title='bbox 502 3851 578 3915; x_wconf 92' lang='lat' dir='ltr'>illud</span> <span class='ocrx_word' id='word_1_154' title='bbox 595 3873 707 3938; x_wconf 86' lang='lat' dir='ltr'>capere</span> <span class='ocrx_word' id='word_1_155' title='bbox 722 3855 841 3940; x_wconf 82' lang='lat' dir='ltr'>possit3</span> <span class='ocrx_word' id='word_1_156' title='bbox 866 3867 898 3920; x_wconf 90' lang='lat' dir='ltr'>et</span> <span class='ocrx_word' id='word_1_157' title='bbox 919 3857 946 3922; x_wconf 92' lang='lat' dir='ltr'>si</span> <span class='ocrx_word' id='word_1_158' title='bbox 968 3880 1032 3923; x_wconf 92' lang='lat' dir='ltr'>non</span> <span class='ocrx_word' id='word_1_159' title='bbox 1054 3857 1174 3921; x_wconf 82' lang='lat' dir='ltr'>habeas</span> <span class='ocrx_word' id='word_1_160' title='bbox 1189 3856 1330 3930; x_wconf 87' lang='lat' dir='ltr'>laterem,</span> <span class='ocrx_word' id='word_1_161' title='bbox 1345 3852 1380 3914; x_wconf 90' lang='lat' dir='ltr'>in</span> 
     </span>
     <span class='ocr_line' id='line_1_24' title="bbox 283 3952 1380 4040; baseline -0.001 -24"><span class='ocrx_word' id='word_1_162' title='bbox 283 3953 389 4039; x_wconf 90' lang='lat' dir='ltr'>lapide</span> <span class='ocrx_word' id='word_1_163' title='bbox 403 3952 533 4018; x_wconf 91' lang='lat' dir='ltr'>sabuleo</span> <span class='ocrx_word' id='word_1_164' title='bbox 549 3952 624 4016; x_wconf 85' lang='lat' dir='ltr'>item</span> <span class='ocrx_word' id='word_1_165' title='bbox 640 3956 774 4040; x_wconf 88' lang='lat' dir='ltr'>quadro,</span> <span class='ocrx_word' id='word_1_166' title='bbox 791 3957 877 4022; x_wconf 76' lang='lat' dir='ltr'>factal</span> <span class='ocrx_word' id='word_1_167' title='bbox 897 3958 1017 4024; x_wconf 76' lang='lat' dir='ltr'>fossulis</span> <span class='ocrx_word' id='word_1_168' title='bbox 1037 3981 1110 4024; x_wconf 83' lang='lat' dir='ltr'>cum</span> <span class='ocrx_word' id='word_1_169' title='bbox 1131 3957 1226 4036; x_wconf 83' lang='lat' dir='ltr'>ferro,</span> <span class='ocrx_word' id='word_1_170' title='bbox 1240 3954 1330 4018; x_wconf 84' lang='lat' dir='ltr'>mitte</span> <span class='ocrx_word' id='word_1_171' title='bbox 1346 3953 1380 4016; x_wconf 92' lang='lat' dir='ltr'>in</span> 
     </span>
     <span class='ocr_line' id='line_1_25' title="bbox 283 4055 1380 4146; baseline 0 -28"><span class='ocrx_word' id='word_1_172' title='bbox 283 4055 438 4120; x_wconf 84' lang='lat' dir='ltr'>carbones</span> <span class='ocrx_word' id='word_1_173' title='bbox 455 4064 487 4119; x_wconf 90' lang='lat' dir='ltr'>et</span> <span class='ocrx_word' id='word_1_174' title='bbox 501 4055 605 4119; x_wconf 89' lang='lat' dir='ltr'>suffla.</span> <span class='ocrx_word' id='word_1_175' title='bbox 650 4055 797 4145; x_wconf 88' lang='lat' dir='ltr'>Cumque</span> <span class='ocrx_word' id='word_1_176' title='bbox 808 4061 980 4140; x_wconf 81' lang='lat' dir='ltr'>canduerit,</span> <span class='ocrx_word' id='word_1_177' title='bbox 992 4061 1120 4146; x_wconf 91' lang='lat' dir='ltr'>impone</span> <span class='ocrx_word' id='word_1_178' title='bbox 1136 4080 1258 4137; x_wconf 87' lang='lat' dir='ltr'>aurum,</span> <span class='ocrx_word' id='word_1_179' title='bbox 1268 4077 1380 4141; x_wconf 86' lang='lat' dir='ltr'>supcr-</span> 
     </span>
     <span class='ocr_line' id='line_1_26' title="bbox 279 4156 1379 4248; baseline -0.001 -26"><span class='ocrx_word' id='word_1_180' title='bbox 279 4157 436 4244; x_wconf 87' lang='lat' dir='ltr'>jectisque</span> <span class='ocrx_word' id='word_1_181' title='bbox 458 4156 649 4222; x_wconf 87' lang='lat' dir='ltr'>carbonibus</span> <span class='ocrx_word' id='word_1_182' title='bbox 670 4159 762 4223; x_wconf 90' lang='lat' dir='ltr'>suffla</span> <span class='ocrx_word' id='word_1_183' title='bbox 783 4160 967 4242; x_wconf 89' lang='lat' dir='ltr'>diutissime,</span> <span class='ocrx_word' id='word_1_184' title='bbox 983 4173 1078 4248; x_wconf 85' lang='lat' dir='ltr'>atque</span> <span class='ocrx_word' id='word_1_185' title='bbox 1098 4163 1232 4247; x_wconf 90' lang='lat' dir='ltr'>ejectum</span> <span class='ocrx_word' id='word_1_186' title='bbox 1253 4169 1379 4244; x_wconf 85' lang='lat' dir='ltr'>percute</span> 
     </span>
     <span class='ocr_line' id='line_1_27' title="bbox 284 4259 1378 4348; baseline -0.002 -24"><span class='ocrx_word' id='word_1_187' title='bbox 284 4283 358 4324; x_wconf 90' lang='lat' dir='ltr'>cum</span> <span class='ocrx_word' id='word_1_188' title='bbox 380 4261 512 4339; x_wconf 80' lang='lat' dir='ltr'>malle03</span> <span class='ocrx_word' id='word_1_189' title='bbox 536 4259 562 4321; x_wconf 90' lang='lat' dir='ltr'>si</span> <span class='ocrx_word' id='word_1_190' title='bbox 585 4280 650 4323; x_wconf 90' lang='lat' dir='ltr'>non</span> <span class='ocrx_word' id='word_1_191' title='bbox 674 4259 838 4348; x_wconf 87' lang='lat' dir='ltr'>frangitur,</span> <span class='ocrx_word' id='word_1_192' title='bbox 861 4265 977 4328; x_wconf 90' lang='lat' dir='ltr'>sufficit</span> <span class='ocrx_word' id='word_1_193' title='bbox 999 4265 1044 4344; x_wconf 90' lang='lat' dir='ltr'>ei;</span> <span class='ocrx_word' id='word_1_194' title='bbox 1067 4264 1095 4326; x_wconf 90' lang='lat' dir='ltr'>si</span> <span class='ocrx_word' id='word_1_195' title='bbox 1117 4283 1192 4326; x_wconf 92' lang='lat' dir='ltr'>vero</span> <span class='ocrx_word' id='word_1_196' title='bbox 1214 4261 1378 4346; x_wconf 88' lang='lat' dir='ltr'>frangitur,</span> 
     </span>
     <span class='ocr_line' id='line_1_28' title="bbox 283 4361 1379 4452; baseline -0.002 -25"><span class='ocrx_word' id='word_1_197' title='bbox 283 4385 377 4449; x_wconf 89' lang='lat' dir='ltr'>super</span> <span class='ocrx_word' id='word_1_198' title='bbox 403 4363 500 4427; x_wconf 92' lang='lat' dir='ltr'>alium</span> <span class='ocrx_word' id='word_1_199' title='bbox 527 4361 663 4447; x_wconf 86' lang='lat' dir='ltr'>lapidem</span> <span class='ocrx_word' id='word_1_200' title='bbox 690 4362 802 4428; x_wconf 88' lang='lat' dir='ltr'>iterum</span> <span class='ocrx_word' id='word_1_201' title='bbox 828 4388 954 4452; x_wconf 89' lang='lat' dir='ltr'>repone,</span> <span class='ocrx_word' id='word_1_202' title='bbox 981 4376 1013 4431; x_wconf 89' lang='lat' dir='ltr'>et</span> <span class='ocrx_word' id='word_1_203' title='bbox 1039 4367 1101 4431; x_wconf 91' lang='lat' dir='ltr'>hoc</span> <span class='ocrx_word' id='word_1_204' title='bbox 1127 4363 1246 4428; x_wconf 90' lang='lat' dir='ltr'>tamdiu</span> <span class='ocrx_word' id='word_1_205' title='bbox 1270 4362 1379 4440; x_wconf 88' lang='lat' dir='ltr'>facias,</span> 
     </span>
    </p>
   </div>
   <div class='ocr_carea' id='block_1_8' title="bbox 0 0 1623 5144">
    <p class='ocr_par' dir='ltr' id='par_1_9' title="bbox 0 0 1623 5144">
     <span class='ocr_line' id='line_1_29' title="bbox 0 0 1623 5144; baseline 0 0"><span class='ocrx_word' id='word_1_206' title='bbox 0 0 1623 5144; x_wconf 95' lang='lat' dir='ltr'> </span> 
     </span>
    </p>
   </div>
  </div>
 </body>
</html>
