3228 5134
291 525 300 586 l
755 545 931 590 runrsrro.

342 712 571 806 Quapropter,
582 712 632 782 fili
642 712 851 795 dulcissime,
862 735 967 804 quem
981 711 1080 782 Deus
1091 711 1234 781 omnino
1244 711 1389 781 beatum

293 829 378 898 fecit
396 829 431 898 in
448 828 514 899 hac
531 839 639 921 parte,
658 851 727 919 qna
744 829 807 898 tibi
834 829 942 922 gratis
960 827 1164 909 offeruntur,
1186 849 1262 918 qnae
1285 828 1389 898 multi

293 945 444 1014 marinos
456 954 614 1015 secantes
628 945 755 1016 fluctus
766 968 847 1015 cunr
858 968 995 1015 summo
1008 943 1163 1037 periculo
1181 946 1271 1028 vitae,
1286 946 1388 1016 famis

293 1083 335 1129 ac
361 1060 497 1153 frigoris
526 1061 630 1130 artati
667 1063 887 1142 necessitate,
913 1068 975 1130 aut
1010 1061 1176 1130 diuturna
1205 1061 1389 1132 doctorum

294 1176 374 1246 fessi
394 1177 574 1258 servitute,
586 1178 680 1246 omni
693 1177 869 1267 modoque
882 1176 1019 1268 fatigati
1037 1177 1195 1247 discendi
1208 1178 1390 1261 desiderio,

294 1291 505 1362 intolerabili
523 1301 643 1362 tamen
661 1294 846 1386 acquirunt
864 1292 1004 1374 labore;
1031 1291 1120 1362 hano
1139 1293 1387 1364 Drvnusnnunt

294 1427 439 1478 annunt
455 1429 678 1480 scnnnunnrt
703 1411 813 1480 avidis
830 1409 1013 1479 obtutibus
1038 1412 1256 1502 concupisce,
1274 1414 1387 1482 tenaci

294 1525 463 1595 memoria
479 1515 628 1619 perlege,
645 1527 781 1596 ardenti
799 1548 918 1596 amore
936 1524 1180 1616 complectere.

344 1874 459 1957 Quam
484 1877 513 1947 si
540 1878 741 1972 diligentius
767 1879 1002 1972 perscruteris,
1028 1875 1100 1946 illic
1120 1875 1277 1946 invenies
1295 1877 1391 1967 quic-

293 1991 376 2083 quid
395 1992 431 2062 in
449 1993 661 2064 diversorum
680 1995 836 2064 colorum
848 1993 1034 2088 generibus
1049 2001 1086 2062 et
1103 1992 1266 2061 mixturis
1283 1991 1391 2062 babet

294 2107 449 2192 Graecia3
475 2110 640 2201 quicquid
663 2111 699 2180 in
724 2109 917 2180 electorum
943 2109 1164 2202 operositate,
1183 2130 1245 2176 scu
1271 2106 1390 2199 nigelli

292 2225 463 2294 varietate
492 2227 588 2295 novit
613 2225 760 2308 Tuscia;
787 2225 954 2317 quicquid
979 2223 1103 2293 ductili
1121 2223 1178 2294 vel
1205 2223 1308 2304 fusili,
1326 2244 1389 2292 seu

293 2339 477 2410 interrasili
495 2363 600 2432 opere
617 2338 802 2433 distinguit
821 2340 971 2423 Arabia;
995 2340 1161 2432 quioquid
1179 2340 1214 2408 in
1229 2361 1388 2408 rasorum

293 2457 505 2537 diversitate,
540 2479 601 2526 scu
635 2479 854 2550 gemmarum
889 2457 1062 2526 ossiumve
1092 2454 1271 2547 sculptura
1304 2476 1389 2523 auro

291 2574 433 2642 decorat
450 2571 577 2654 Italia3
604 2573 770 2665 quicquid
797 2575 833 2643 in
855 2573 1087 2643 fenestrarum
1105 2572 1261 2663 pretiose
1278 2571 1388 2640 varie-

291 2701 367 2760 tate
392 2689 508 2783 diligit
526 2688 556 2758 F
559 2689 693 2772 rancia3
717 2689 882 2782 quicquid
909 2690 945 2758 in
964 2690 1050 2770 auri,
1068 2689 1216 2780 argenti,
1234 2687 1332 2778 cupri
1351 2695 1387 2756 et

291 2806 382 2888 ferri,
409 2806 583 2900 lignorum
617 2806 843 2899 lapidumque
875 2806 1074 2878 subtilitate
1111 2803 1231 2874 sollers
1268 2803 1389 2873 laudat

297 2919 496 2992 Germania.

346 3035 433 3118 Quae
463 3060 544 3106 cum
572 3060 662 3131 saepe
689 3037 852 3131 relegeris
883 3047 920 3107 et
946 3036 1062 3106 tenaci
1091 3036 1267 3104 memoriae
1297 3056 1391 3104 com-

295 3153 523 3234 mendaveris,
554 3153 619 3223 bac
643 3155 880 3224 vicissitudine
906 3152 1144 3222 instructionis
1171 3173 1229 3220 me
1258 3172 1393 3220 recom-

281 3257 466 3361 pensabis,
485 3279 537 3352 nt,
554 3271 692 3362 quoties
717 3270 835 3340 labore
859 3293 939 3340 meo
963 3270 1054 3338 bene
1077 3289 1159 3338 usus
1182 3265 1298 3347 fueris,
1316 3287 1393 3336 ores

294 3409 357 3478 pro
374 3409 433 3455 me
449 3386 542 3478 apud
570 3387 841 3458 misericordiam
865 3386 935 3457 Dei
959 3385 1218 3477 omnipotentis,
1237 3381 1297 3473 qui
1315 3382 1390 3463 scit,

293 3525 350 3572 me
377 3525 442 3572 nec
468 3503 628 3573 humanae
654 3503 766 3573 laudis
787 3526 915 3586 amore,
946 3524 1013 3573 neo
1031 3498 1233 3592 temporalis
1259 3497 1391 3591 praemii

296 3607 504 3711 cupiditate,¹
526 3643 603 3710 quoe
629 3620 764 3713 digesta
786 3629 878 3702 sunt,
901 3618 1152 3710 conscripsisse,
1176 3623 1237 3686 aut
1255 3614 1392 3684 invidiae
1474 3681 1483 3690 ,

295 3732 404 3802 livore
427 3735 628 3826 pretiosum
645 3736 728 3828 quid
755 3745 817 3805 aut
843 3759 959 3805 rarum
985 3734 1207 3814 subtraxisse,
1226 3753 1288 3802 seu
1305 3731 1392 3800 mihi

295 3849 518 3940 peculiariter
541 3862 755 3922 reservatum
773 3853 989 3933 conticuisse,
1013 3851 1074 3920 sed
1099 3851 1136 3919 in
1163 3856 1393 3942 augmentum

296 3963 435 4036 honoris
453 3975 490 4034 et
506 3967 625 4071 gloriae
649 3968 797 4037 nominis
821 3967 895 4059 ejus
916 3966 1107 4036 multorum
1126 3966 1392 4037 necessitatibus

296 4083 503 4152 succurrisse
520 4091 557 4152 et
575 4082 789 4174 profectibus
806 4081 1028 4152 consuluisse.
