3168 5140
294 465 359 530 416
752 487 932 532 annnam.

292 657 396 722 penna
411 636 505 700 exire.
551 635 648 712 Quod
671 637 779 724 utique
801 637 843 702 ad
865 658 976 703 omnes
998 637 1121 702 colores
1136 639 1229 717 valet,
1251 640 1325 705 etsi
1340 642 1392 705 ni-

292 738 377 824 grior
391 737 493 816 luerit,
509 737 557 801 bis
568 739 617 802 vel
631 747 678 802 ter
693 740 813 804 lavabis
829 741 924 828 aqud,
937 742 987 805 vel
1002 751 1035 805 et
1049 743 1195 827 amplirla,
1211 744 1304 809 etsie
1319 767 1393 810 me·

290 839 452 903 liorabitur
465 861 521 924 per
535 840 607 904 dura
618 842 668 905 vel
682 850 748 906 tres
763 842 842 920 dics,
858 851 948 927 potes
962 843 996 906 in
1010 864 1049 908 eo
1061 843 1220 908 dimittere
1235 846 1388 926 claream,

290 940 346 1004 sed
368 961 464 1026 quarn
488 939 603 1027 saepius
625 943 762 1007 mutabis
785 953 874 1008 tanto
897 943 1006 1008 melior
1026 943 1095 1009 erit.
1142 943 1242 1010 Potes
1257 968 1388 1033 quoque

290 1041 515 1128 distempcrsre
529 1065 604 1107 azur
623 1044 782 1130 albugine,
805 1045 946 1110 fricando
967 1046 1067 1132 digito
1082 1048 1115 1110 in
1129 1047 1270 1127 vasculo,
1284 1048 1390 1114 donec

289 1143 367 1208 satis
382 1143 434 1222 sit,
448 1152 481 1207 et
502 1155 613 1230 postea
635 1145 754 1210 lavabis
777 1167 850 1210 cum
872 1168 966 1234 aqua,
981 1156 1014 1212 et
1035 1169 1074 1212 eo
1090 1149 1208 1212 siccato
1225 1170 1308 1234 ponc
1323 1151 1390 1215 cla·

288 1265 377 1308 ream
392 1265 515 1330 puram,
529 1255 562 1310 et
584 1256 656 1332 post
670 1247 741 1311 duaa
756 1248 806 1312 vel
823 1257 887 1312 tres
902 1249 970 1314 dies
984 1249 1097 1314 iterum
1113 1250 1236 1314 lavabis
1251 1273 1310 1336 pro
1325 1275 1389 1317 ovo

289 1346 462 1411 inveterato
477 1355 509 1410 et
524 1347 614 1434 nigro
630 1347 725 1428 lacto,
738 1357 770 1412 et
784 1349 907 1415 dimitte
917 1351 1020 1416 donec
1035 1352 1190 1416 siccatum
1201 1353 1244 1416 sit
1258 1361 1389 1438 propter

291 1447 456 1513 humorem
471 1471 574 1535 aqum.

561 1898 607 1940 na
629 1895 907 1942 mnraasuarvro
929 1875 1126 1942 oonoamr'.

376 2027 562 2092 ZURIUM
580 2027 809 2093 Saracenorum
820 2029 1009 2094 bonumest
1049 2027 1132 2093 Item
1143 2030 1230 2096 aliud
1245 2031 1386 2096 azurium

419 2131 613 2211 Romanum,
635 2141 667 2196 et
689 2131 773 2196 aliud
797 2130 911 2194 dicitur
934 2130 1076 2194 indium:
1100 2129 1200 2194 viride
1223 2131 1386 2212 Graecum,

290 2233 388 2297 viride
402 2241 557 2314 terrestre,
569 2233 783 2312 vermiculum,
799 2231 942 2311 minium,
957 2231 1064 2296 album
1079 2232 1120 2296 dc
1135 2233 1262 2317 Apulia,
1277 2235 1385 2299 album

290 2333 331 2398 de
354 2335 490 2413 ossibus,
513 2343 545 2398 et
568 2335 674 2398 album
699 2333 904 2419 deplumbc,
926 2333 1088 2412 brisillum,
1111 2335 1385 2421 auripigmentum,

291 2457 410 2514 oerum,
445 2435 617 2514 salranum,
659 2435 827 2522 sinoplum,
862 2457 985 2522 gorma,
1018 2435 1254 2522 distemperatio
1284 2435 1386 2516 bruni,

291 2537 429 2624 gipsum,
445 2537 597 2602 foliolum.

335 2739 374 2804 In
390 2763 472 2806 azur.
490 2741 638 2806 Romano
654 2751 759 2828 potest
774 2742 898 2806 misceri
913 2743 1020 2806 album
1035 2741 1075 2806 de
1086 2741 1214 2828 Apulia.
1228 2741 1312 2806 Item
1328 2765 1386 2828 po-

290 2851 353 2908 test
366 2843 491 2908 misceri
506 2843 728 2931 auripigmenti
741 2835 776 2907 'et
786 2852 836 2907 est
846 2843 945 2908 viride
960 2865 1117 2908 croceum.
1145 2842 1227 2906 Item
1243 2845 1270 2907 si
1284 2865 1386 2929 ponas

290 2944 376 3008 brisil
397 2945 456 3008 erit
466 2967 612 3030 purpura.
660 2944 743 3008 Item
764 2945 791 3008 si
811 2965 912 3030 ponas
932 2943 1137 3010 vermiculum
1158 2945 1217 3009 erit
1237 2945 1382 3014 brunum.

290 3044 400 3109 Viride
414 3045 455 3110 dc
473 3047 588 3132 graecia
612 3054 717 3132 potest
737 3045 862 3110 misceri
877 3069 952 3110 cum
970 3047 1044 3111 albo
1059 3047 1099 3111 de
1113 3047 1231 3133 Apulia
1247 3055 1385 3134 utroque

289 3169 362 3212 curn
377 3147 451 3214 vino
472 3156 656 3234 temperato,
678 3157 785 3212 autem
800 3157 873 3212 utro
895 3148 1019 3212 illorum
1036 3170 1109 3213 cum
1124 3169 1196 3228 ovo,
1219 3155 1251 3212 et
1266 3147 1312 3212 sic
1326 3148 1384 3212 fiet

289 3250 398 3316 album
413 3250 521 3316 viride.
569 3249 652 3314 Item
674 3249 701 3313 si
722 3269 824 3334 ponas
842 3249 875 3312 in
897 3248 989 3312 viridi
1010 3249 1182 3328 salvanum,
1204 3249 1263 3314 erit
1285 3248 1385 3312 viride

274 3374 445 3432 croceum,
456 3353 501 3416 ita
509 3361 617 3416 tamen
631 3351 741 3415 sicum
752 3351 827 3416 vino
839 3349 1001 3415 salranum
1016 3351 1110 3415 merit
1123 3351 1383 3437 distemperatum

288 3455 370 3519 adde
392 3462 424 3519 et
445 3455 472 3518 si
493 3453 542 3518 vis
563 3454 681 3517 album.
726 3451 851 3516 Eodem
873 3453 971 3517 modo
993 3453 1034 3518 de
1056 3453 1146 3517 viridi
1168 3453 1306 3518 terrestri
1324 3474 1383 3517 ex·

287 3564 380 3641 cepto
395 3555 482 3640 qnod
504 3555 630 3618 molitur
643 3575 716 3618 curn
732 3575 826 3640 aqna,
849 3563 880 3618 et
895 3563 1008 3640 postea
1026 3556 1152 3640 ponitur
1166 3555 1199 3618 in
1214 3575 1253 3619 ea
1267 3555 1382 3619 clarea.

289 3656 329 3720 In
353 3655 523 3719 vermiculo
548 3654 574 3717 si
600 3655 732 3719 misceas
755 3655 864 3719 album
887 3655 943 3718 fiet
965 3655 1149 3720 carminum.
1196 3653 1231 3718 Si
1245 3656 1383 3720 misceas

287 3780 362 3824 azur
377 3777 541 3820 romanum
556 3757 614 3820 erit
629 3757 774 3820 brunum.
819 3755 937 3820 Album
952 3757 993 3821 de
1004 3757 1120 3844 Apulia
1139 3766 1245 3844 potest
1257 3757 1384 3840 misceri

286 3883 359 3927 curn
390 3879 484 3924 azuro
506 3857 586 3937 solo,
609 3867 643 3923 et
663 3858 775 3922 iterum
797 3879 870 3922 cum
896 3879 990 3922 azuro
1012 3869 1045 3924 et
1066 3860 1197 3940 brisillo,
1215 3868 1248 3924 et
1268 3859 1382 3924 iterum

286 3985 359 4029 cum
378 3983 473 4027 azuro
489 3981 630 4041 romano,
653 3982 777 4025 necnon
797 3968 829 4024 et
851 3966 957 4045 potest
979 3961 1103 4024 misceri
1122 3982 1195 4026 cum
1211 3961 1302 4025 viridi
1316 3970 1383 4026 ter-

285 4065 384 4130 restri.
428 4062 547 4127 Album
564 4061 604 4126 de
626 4062 749 4126 ossibus
771 4083 843 4126 cum
865 4061 1097 4148 auripigmento
1116 4071 1223 4150 potest
1244 4062 1382 4142 misceri,

286 4190 358 4256 quae
387 4165 524 4229 mixtura
545 4163 586 4228 de
615 4164 676 4228 alio
706 4163 774 4226 lieri
788 4185 854 4226 non
876 4171 991 4248 potest,
1017 4165 1104 4252 quod
1134 4165 1243 4252 utique
1271 4163 1382 4229 alburn

284 4275 409 4333 tantum
438 4265 610 4352 pictoribus
642 4273 691 4330 cst
718 4263 940 4330 necessarium.
1000 4267 1275 4354 Auripigmentum
1306 4287 1381 4330 cum

660 4411 665 4440 ¹
684 4413 700 4438 “
707 4411 737 4461 ab
749 4409 838 4460 Euclio
849 4413 978 4474 excerpto.”
