3168 5140
661 506 856 550 annornm
881 507 986 552 meua
1008 509 1063 552 111.

557 753 603 798 DE
625 752 737 798 munla
760 756 1026 802 massmannus
1048 757 1161 810 ΛΟΜ.

313 880 488 1035 SIGNA
500 885 729 971 investiganda
741 908 832 972 aquae
843 887 1025 973 hujusmodi
1038 887 1250 952 inveniuntur.
1289 885 1407 950 Tenuis

402 985 531 1071 juncus,
543 986 630 1050 Salix
642 988 792 1050 erraticus
800 986 822 1068 ¹,
832 987 940 1068 Vitex,
955 990 1069 1068 Alnus,
1085 988 1251 1067 Harundo,
1268 986 1410 1064 Hedera,

312 1085 1130 1176 aliaequoqnequaesinehumorenascinonpossunt
1154 1088 1410 1164 Quanddautem

313 1187 345 1251 in
360 1190 481 1252 lacunis
498 1189 612 1254 similia
627 1199 799 1253 nascuntur
814 1190 904 1254 facile
920 1192 969 1254 his
985 1191 1176 1256 credendum
1193 1200 1251 1255 est
1297 1190 1411 1276 ltaque

312 1289 358 1352 sic
368 1289 567 1354 inventiones
577 1313 668 1377 aquae
679 1291 843 1377 probabis3
864 1292 1085 1379 fodiaturergb
1096 1293 1151 1357 ubi
1161 1291 1410 1377 baecsignafue-

313 1389 375 1452 rint
389 1391 517 1455 inventa
533 1415 572 1456 ne
588 1393 692 1456 minus
704 1393 736 1455 in
751 1394 950 1458 latitudinem
962 1395 1060 1480 pedes
1072 1403 1146 1470 tres,
1168 1393 1199 1455 in
1212 1392 1409 1456 altitudinem

313 1492 464 1578 quinque,
480 1503 512 1558 et
526 1493 610 1558 circa
624 1495 700 1559 eolis
716 1517 876 1576 occasum,
889 1517 946 1559 vas
962 1495 1138 1582 plumbum,
1154 1501 1260 1558 autem
1276 1513 1410 1570 aeneum,

314 1595 478 1675 mundum,
492 1597 680 1662 intrinsecus
699 1606 861 1681 punctum,
877 1599 947 1662 oleo
966 1597 1000 1662 in
1021 1619 1118 1661 unam
1136 1595 1293 1660 fossuram
1308 1594 1412 1656 inver-

314 1717 385 1760 sum
400 1697 580 1777 collocetur,
595 1720 752 1786 supraque
767 1699 922 1763 fossuram
938 1699 1103 1763 frondibus
1119 1699 1168 1762 vel
1183 1696 1412 1761 harundinibus

316 1797 419 1862 missis
433 1808 517 1864 terra
531 1801 707 1864 inducatur.
754 1799 835 1864 ltem
849 1799 910 1864 alit
921 1799 972 1862 die
987 1800 1155 1886 aperiatur,
1170 1799 1197 1863 si
1212 1799 1342 1863 sudores
1357 1806 1414 1862 aut

315 1899 428 1963 listulae
449 1901 656 1980 inveniantur,
677 1902 705 1964 is
725 1902 813 1966 locus
832 1902 900 1965 sine
919 1901 1116 1966 dubitatione
1136 1923 1254 1988 aquam
1270 1899 1411 1964 habebit

317 1997 398 2062 Item
410 2001 507 2080 siras,
517 2023 559 2063 ex
569 2013 665 2082 creta,
674 2003 794 2067 siccum
803 2025 868 2067 non
878 2015 1015 2082 coctum,
1025 2004 1136 2068 eadem
1146 2002 1412 2087 rationepositum

316 2109 348 2163 et
356 2111 498 2186 opertum
512 2101 614 2182 scierit,
626 2103 652 2166 si
664 2103 690 2166 is
700 2105 788 2168 locus
800 2127 916 2191 aquam
927 2105 1067 2184 habebit,
1079 2105 1142 2168 alie
1151 2103 1204 2168 die
1214 2125 1270 2167 vas
1278 2103 1413 2166 humore

316 2203 454 2267 solutum
469 2205 654 2268 invenietur.
699 2205 810 2270 Vellus
827 2207 908 2270 lanae
926 2205 1069 2270 similiter
1086 2206 1120 2268 in
1133 2227 1172 2269 eo
1187 2205 1257 2269 loco
1273 2204 1413 2289 positum

317 2305 343 2368 si
359 2313 482 2369 tantum
505 2305 646 2372 humoris
667 2308 829 2393 collegerit
848 2317 883 2372 ut
907 2307 970 2372 alit
984 2307 1035 2371 die
1050 2307 1182 2392 exprimi
1197 2305 1308 2391 possit,
1321 2325 1414 2390 mag-

317 2427 392 2470 nam
413 2408 539 2494 copiam
558 2429 650 2494 aquae
668 2409 773 2473 locum
798 2410 915 2474 habere
940 2409 1108 2494 significat.
1153 2407 1298 2472 Lucerna
1319 2407 1416 2491 plena

319 2511 400 2588 oleo,
427 2510 556 2574 incensa
582 2511 608 2574 si
633 2511 665 2574 in
686 2512 798 2576 eodem
824 2511 896 2576 loeo
919 2511 1060 2575 similiter
1083 2511 1245 2596 adoperta,
1274 2509 1339 2573 alia
1362 2508 1415 2571 die

317 2613 426 2675 lucens
448 2611 542 2676 fuerit
569 2611 706 2692 inventa,
736 2613 888 2676 indicabit
909 2635 983 2676 eum
1008 2613 1115 2676 locum
1140 2611 1257 2674 habere
1286 2632 1415 2697 aquam,

318 2723 485 2798 propterea
499 2713 585 2798 quod
603 2714 707 2777 omnis
727 2715 814 2778 calor
828 2713 870 2777 ad
890 2736 925 2777 se
943 2713 1041 2777 trahit
1059 2713 1235 2776 humorem.
1282 2711 1366 2775 Item
1389 2711 1417 2774 si

318 2812 351 2876 in
375 2814 487 2878 eodem
510 2815 581 2878 loco
605 2814 758 2900 (igncm')
783 2816 893 2879 feceris
915 2824 947 2879 et
968 2825 1122 2900 vaporata
1143 2825 1227 2878 terra
1248 2813 1417 2877 humidum

319 2914 569 3001 nebulosumque
586 2916 707 2979 fumum
723 2916 959 2996 resuscitaverit,
978 2925 1010 2980 et
1025 2915 1164 2980 ostendit
1176 2915 1282 2979 locum
1297 2914 1417 2978 habere

319 3003 446 3101 aquam.
492 3014 574 3079 Cum
598 3017 666 3080 baec
688 3017 803 3081 fuerint
824 3015 870 3080 itd
892 3027 1015 3103 reperta
1036 3018 1129 3082 certis
1151 3017 1261 3104 signis,
1289 3015 1323 3078 in
1345 3015 1418 3078 alti·

319 3115 462 3180 tudinem
482 3119 569 3204 putei
590 3118 771 3182 defodiendi
791 3129 892 3198 erunt,
916 3141 1082 3206 quousque
1106 3128 1202 3204 caput
1220 3139 1313 3204 aquae
1328 3117 1417 3180 inve·

320 3219 432 3298 niatur,
462 3230 518 3284 aut
539 3221 565 3284 si
588 3222 676 3305 plura
699 3221 814 3285 fuerint
835 3221 868 3284 iu
891 3243 989 3286 unum
1017 3221 1215 3307 colligantur.
1268 3215 1417 3282 Maxime

320 3333 428 3386 tamen
443 3324 502 3387 sub
517 3323 674 3387 radicibus
697 3325 852 3388 montium
866 3325 898 3388 in
914 3326 1044 3410 regione
1061 3322 1307 3410 septentrionali,
1321 3321 1418 3406 signa

321 3445 412 3510 aquae
427 3434 500 3488 sunt
514 3424 694 3511 quaerenda.
740 3424 779 3488 Iu
793 3425 844 3489 his
859 3426 943 3490 enim
958 3427 1037 3490 locis
1052 3447 1165 3489 suaves
1179 3435 1212 3488 et
1226 3423 1368 3488 salubres
1384 3433 1419 3487 et

260 3581 264 3589 .
321 3525 542 3591 habundantes
568 3527 784 3606 inveniuntur;
816 3528 943 3612 quando
968 3537 1088 3591 naturae
1112 3526 1268 3591 beneficio
1294 3547 1314 3588 a
1340 3525 1417 3589 solis

321 3648 414 3690 cursu
429 3637 623 3711 separentur,
646 3637 678 3691 et
692 3628 839 3693 arborum
852 3639 907 3692 aut
922 3629 1077 3694 montium
1091 3626 1211 3692 umbris
1226 3627 1347 3706 velatae,
1362 3626 1418 3690 fn·-

321 3727 397 3814 gidt
411 3727 514 3812 gratia
527 3738 645 3808 estate,
661 3728 804 3815 hyberno
821 3729 929 3814 tepidb
942 3731 1107 3810 suavitate,
1122 3729 1290 3815 profluent.

484 3893 492 3924 ¹
510 3898 527 3922 “
534 3895 661 3944 erratica’'l

484 3975 495 4010 ¹
511 3975 541 4026 In
553 3977 644 4037 Oodiee,
654 3977 738 4026 lacuna
748 3985 791 4036 est,
802 3977 828 4025 in
838 3976 881 4025 boc
892 3977 948 4036 loco,
959 3993 1027 4038 quam
1035 3977 1187 4039 implevimus.

665 4275 822 4320 EXPLICIT
844 4275 1074 4319 meorumue.
