3140 5152
318 521 383 584 324
679 537 869 583 rasorium
896 535 999 582 arasa
1024 537 1077 580 ru.

318 713 391 756 sura
413 691 445 754 in
468 713 506 754 eo
528 689 579 770 sit,
601 713 672 778 quse
694 713 777 778 saepe
799 689 989 774 contingunt
1010 711 1049 752 ex
1074 689 1204 766 incuria,
1227 690 1293 754 sive
1316 685 1422 773 negli-

320 791 427 879 gentia
438 792 487 856 rel
500 791 678 880 ignorantia
689 802 745 858 aut
757 792 879 856 inscitia
893 792 1064 871 fundentis,
1079 814 1152 856 cum
1169 799 1224 856 aut
1235 791 1328 855 nimis
1341 788 1422 851 cali-

320 896 408 972 dum,
423 903 479 958 aut
493 895 585 959 nimis
605 894 765 980 frigidum,
788 905 844 959 aut
864 895 957 958 nimis
978 893 1138 974 festinato,
1156 903 1212 958 aut
1235 893 1329 956 nimis
1346 912 1423 976 pro·

320 997 441 1062 ductim
462 995 641 1062 effunditur.
686 996 832 1084 Cumque
853 997 1051 1062 considerate
1074 1005 1106 1061 et
1127 1003 1220 1062 caute
1237 993 1371 1071 fuderis,
1395 991 1423 1056 si

255 1097 258 1104 '
320 1099 503 1187 hujusmodi
517 1099 629 1164 vitium
648 1099 679 1163 in
695 1123 733 1164 eo
748 1099 1003 1186 deprehenderis,
1019 1121 1091 1162 cum
1108 1098 1190 1162 ferro
1206 1097 1246 1160 ad
1262 1097 1324 1160 hoc
1340 1105 1423 1180 apto

321 1201 488 1287 diligenter
514 1201 656 1282 effodies
686 1201 711 1266 si
742 1202 854 1289 possis.
901 1200 997 1276 Quod
1021 1201 1048 1264 si
1072 1209 1168 1264 tantae
1194 1195 1424 1286 profunditatis

323 1305 428 1368 vesica
447 1303 512 1368 sive
534 1305 647 1368 fissura
666 1304 768 1383 luerit,
790 1314 825 1367 ut
847 1301 985 1368 effodere
1009 1325 1073 1367 non
1095 1303 1209 1389 possis,
1231 1323 1425 1386 rursumque

323 1407 483 1494 oportebit
497 1415 528 1470 te
544 1405 683 1484 fundere,
699 1417 731 1471 et
754 1405 874 1470 tamdiu
889 1405 992 1470 donec
1008 1429 1121 1470 sanum
1136 1405 1186 1469 sit.
1231 1403 1329 1480 Quod
1346 1425 1425 1467 cum

323 1510 428 1589 fuerit,
450 1509 588 1594 provide,
614 1518 650 1572 ut
671 1509 802 1573 incudes
825 1519 856 1572 et
878 1507 982 1571 mallei
1006 1509 1051 1571 tui
1074 1507 1205 1572 omnino
1227 1505 1368 1592 aequales
1393 1513 1426 1567 et

325 1611 414 1696 politi
429 1611 501 1690 sint,
516 1633 587 1675 cum
605 1611 719 1698 quibus
742 1610 865 1697 operari
887 1611 996 1690 debes,
1019 1618 1051 1674 et
1066 1609 1151 1673 omni
1169 1607 1333 1694 diligentia
1349 1629 1426 1693 pro·

325 1735 411 1792 cura,
426 1723 461 1776 ut
476 1714 583 1778 tabula
598 1735 693 1777 aurea
708 1713 757 1776 vel
772 1721 922 1798 argentea
937 1713 981 1775 ite
997 1711 1157 1799 aequaliter
1172 1733 1212 1776 ex
1228 1710 1316 1775 omni
1334 1719 1425 1796 parte

326 1823 513 1894 attenuetur,
529 1826 564 1879 ut
585 1815 617 1879 in
640 1815 728 1880 nullo
750 1817 821 1879 loco
841 1815 972 1901 spissius
988 1813 1028 1877 sit
1043 1835 1139 1902 quam
1155 1813 1188 1876 in
1203 1813 1275 1877 alio.
1322 1810 1426 1875 Cum-

326 1939 388 2002 que
411 1917 455 1980 sic
478 1927 640 1980 attenuata
663 1916 756 1980 luerit
779 1927 815 1981 ut
837 1917 951 2004 unguis
966 1917 1018 1980 vix
1041 1917 1201 2003 inpressas
1216 1925 1369 2002 appareat
1385 1938 1425 1979 ex

326 2021 424 2082 altera
447 2029 544 2104 parte,
566 2029 599 2082 ct
620 2021 750 2084 omnino
773 2022 949 2100 sanissima,
973 2022 1080 2085 statim
1101 2021 1246 2108 pertrahe
1266 2019 1426 2107 imagines

326 2121 412 2208 quod
430 2121 572 2198 volueris,
588 2121 761 2186 secundum
779 2125 884 2188 libitos
900 2133 980 2188 tuos.
1027 2123 1198 2188 Pertrahes
1214 2132 1319 2188 autem
1336 2124 1369 2186 in
1386 2145 1426 2188 ea

326 2231 424 2308 parte,
440 2245 510 2309 quas
529 2223 635 2287 sanior
656 2235 688 2288 et
710 2225 853 2289 decorior
869 2227 1002 2306 videtur,
1025 2227 1135 2291 leniter
1157 2237 1264 2291 tamen
1280 2237 1311 2290 et
1327 2227 1373 2290 sic
1389 2237 1427 2290 ut

327 2345 367 2386 ex
389 2324 487 2388 altera
509 2335 597 2412 parte
622 2327 744 2392 modice
767 2339 927 2415 appareat.
974 2329 1099 2394 Deinde
1122 2353 1195 2395 curn
1219 2331 1301 2394 serro
1324 2352 1425 2395 curro

327 2431 408 2494 bene
424 2429 521 2517 polito
538 2430 664 2496 fricabis
685 2432 795 2497 leniter
810 2443 905 2520 caput
925 2433 1087 2518 imprimis,
1108 2433 1194 2519 quod
1218 2435 1312 2497 altius
1327 2432 1426 2496 debet

327 2555 414 2614 ease3
438 2533 546 2621 sicque
566 2545 752 2599 convertens
770 2535 911 2600 tabulam
932 2535 964 2598 in
988 2544 1073 2598 recta
1092 2539 1180 2620 parts
1196 2534 1324 2598 fricabis
1340 2535 1425 2598 circa

327 2644 424 2724 caput
438 2646 470 2701 et
484 2658 556 2700 cum
574 2636 655 2702 lerro
672 2637 785 2725 aequali
808 2645 840 2702 et
858 2637 966 2724 polito,
988 2637 1032 2700 ita
1052 2646 1088 2700 nt
1103 2659 1234 2722 campus
1249 2637 1426 2700 descendat

328 2748 360 2802 et
374 2749 469 2825 capnt
487 2740 635 2819 elevetur,
656 2749 689 2804 et
708 2739 814 2804 statim
835 2739 918 2804 circa
936 2748 1033 2826 capnt
1052 2761 1125 2803 cum
1142 2740 1255 2804 malleo
1271 2739 1425 2804 mediocri

328 2863 423 2928 super
435 2841 582 2906 incudem
599 2843 754 2929 percuties
777 2841 896 2922 leniter,
920 2842 1028 2931 sicque
1047 2863 1153 2905 coram
1170 2841 1296 2905 fornace
1311 2863 1426 2927 super-

329 2943 440 3028 positis
463 2944 655 3008 carbonibus
679 2944 712 3006 in
738 2944 806 3029 ipso
832 2944 903 3009 loco
929 2965 1091 3031 recoques,
1117 2944 1219 3007 donec
1241 2943 1424 3008 candescat.

329 3043 404 3119 Quo
431 3044 516 3108 facto
540 3057 571 3108 et
596 3046 705 3109 tabula
730 3067 784 3131 per
808 3067 842 3110 se
866 3047 1060 3132 refrigerata,
1085 3045 1199 3110 iterum
1222 3047 1253 3109 in
1277 3047 1424 3112 inferiore

327 3155 417 3234 parte
443 3169 515 3212 eum
541 3169 639 3212 curvo
664 3147 745 3212 ferro
770 3147 897 3213 fricabis
922 3149 1033 3213 leniter
1056 3157 1088 3214 et
1111 3149 1278 3237 diligenter
1302 3151 1425 3214 fossam

328 3249 440 3338 capitis
469 3251 607 3330 interius,
637 3259 887 3337 convertensque
919 3251 1060 3315 tabulam
1091 3250 1123 3314 in
1154 3251 1304 3338 superiori
1333 3265 1426 3341 parte

327 3355 433 3418 denuo
448 3375 521 3419 cum
536 3353 650 3440 oequali
666 3354 748 3419 lerro
764 3353 900 3431 fricans,
916 3361 948 3417 et
962 3353 1102 3438 depones
1118 3374 1265 3440 campum
1280 3363 1315 3418 ut
1331 3376 1427 3418 mon·

328 3456 441 3520 ticulus
456 3458 594 3521 elevetur
609 3454 731 3541 capitis,
754 3475 939 3541 rursumque
955 3476 1030 3518 eum
1046 3455 1159 3520 malleo
1174 3456 1323 3521 mediocri
1338 3457 1427 3522 circa

329 3557 432 3641 ipsum
455 3557 565 3620 leniter
584 3557 771 3641 percutiens,
792 3555 945 3643 appositis
963 3559 1154 3623 carbonibus
1169 3555 1337 3645 recoquesj
1360 3559 1426 3623 sic-

330 3679 392 3744 que
417 3679 500 3744 saepe
524 3658 632 3736 facies,
653 3656 819 3742 diligenter
844 3659 995 3724 elevando
1019 3661 1148 3724 interius
1169 3671 1201 3724 et
1223 3661 1372 3739 exterius,
1393 3669 1429 3725 et

330 3760 441 3824 crebro
456 3759 670 3847 percutiendo,
695 3757 872 3847 totiensque
894 3762 1095 3848 recoquendo
1114 3762 1217 3827 donec
1232 3763 1428 3826 monticulus

328 3863 380 3927 ille
396 3863 529 3928 ducatur
549 3862 589 3925 ad
612 3861 809 3926 altitudinem
827 3861 922 3925 trium
940 3861 1109 3949 digitorum
1125 3874 1181 3929 aut
1193 3873 1341 3951 quatuor,
1357 3866 1428 3929 sire

330 3967 401 4053 plus
416 3965 465 4030 vel
484 3963 589 4029 minus
612 3964 786 4030 secundum
807 3963 1016 4052 quantitatem
1037 3965 1221 4051 imaginum.
1266 3965 1301 4029 Si
1316 3975 1430 4032 autem

330 4069 432 4158 ipsum
459 4090 571 4134 aurum
592 4069 642 4132 vel
665 4076 829 4154 argentum
857 4066 963 4131 adhuc
986 4067 1182 4155 aliquantum
1208 4068 1340 4155 spissius
1367 4079 1430 4152 est,
