3228 5134
386 919 775 1018 PROLOGUS
834 913 1293 1016 THEOPHILP.

657 1195 961 1206 Ἣ

413 1365 571 1438 ENSIM
590 1392 653 1461 per
669 1377 786 1461 partes
803 1369 987 1438 discuntur
1003 1367 1170 1460 quaelibet
1187 1373 1289 1437 artes.

437 1485 534 1554 Artis
551 1487 725 1577 pictorum
744 1486 838 1577 prior
854 1493 908 1554 est
926 1485 1062 1554 factura
1079 1483 1245 1553 colorum.

343 1599 429 1670 Post
446 1601 490 1670 ad
508 1603 681 1671 mixturas
700 1602 884 1670 commitat
902 1623 1001 1670 mens
1018 1609 1081 1669 tna
1098 1623 1207 1668 curas.

343 1715 424 1786 Hoc
441 1739 527 1808 opus
545 1740 680 1799 exerce,
699 1717 760 1787 sed
778 1717 824 1786 ad
842 1739 997 1810 unguem
1016 1725 1124 1785 cunta
1140 1716 1298 1796 coheres,
1352 1737 1354 1746 ’

343 1828 394 1899 Ut
412 1831 457 1899 sit
474 1832 684 1900 adornatum
701 1831 794 1922 quod
811 1831 967 1923 pinxeris
985 1839 1021 1899 et
1039 1831 1137 1922 quasi
1155 1839 1289 1900 natum.

343 1945 473 2016 Postea
489 1945 682 2016 multorum
700 1947 922 2016 documentis
939 1947 1160 2040 ingeniorum

343 2061 411 2131 Ars
430 2082 519 2154 opus
535 2061 690 2154 augebit,
710 2063 801 2132 sicut
819 2063 908 2132 liber
924 2064 993 2133 iste
1010 2062 1162 2132 docebit.

319 2431 541 2524 Theophilus,
565 2431 707 2502 humilis
733 2434 928 2526 presbyter,
955 2457 1073 2506 servus
1091 2457 1269 2505 servorum
1294 2433 1374 2529 Dei,

268 2551 433 2642 indignus
450 2549 592 2618 nomine
610 2557 647 2617 et
673 2549 887 2641 professione
904 2552 1076 2633 monachi,
1095 2552 1256 2622 omnibus
1272 2573 1371 2620 men·

268 2669 314 2736 tis
338 2665 507 2735 desidiam
532 2665 709 2756 animique
727 2668 950 2759 vagationem
976 2667 1055 2736 utili
1082 2689 1250 2738 manuum
1269 2690 1373 2736 occu-

268 2782 421 2873 patione,
440 2789 476 2850 et
503 2781 702 2851 delectabili
730 2784 927 2853 novitatum
946 2784 1176 2852 meditatione
1195 2782 1370 2854 declinare

270 2905 307 2964 et
325 2896 460 2966 calcare
474 2896 683 2978 volentibus,
700 2899 970 2969 retributionem
989 2897 1141 2968 coelestis
1158 2897 1310 2990 praemii!

321 3129 489 3222 Legimus
507 3130 542 3198 in
561 3131 705 3199 exordio
716 3129 901 3198 mundanae
919 3131 1103 3202 creationis
1120 3132 1309 3217 hominem,
1327 3134 1372 3204 ad

270 3245 461 3338 imaginem
492 3253 529 3316 et
560 3245 826 3316 similitudinem
858 3244 928 3316 Dei
956 3247 1137 3318 conditum
1164 3257 1201 3318 et
1227 3250 1373 3343 inspira-

270 3362 367 3431 tione
386 3363 493 3431 divini
511 3362 672 3455 spiraculi
695 3363 900 3443 animatum,
918 3371 1096 3455 tantaeque
1113 3365 1294 3458 dignitatis
1311 3389 1374 3436 ex·

270 3475 434 3546 cellentia
461 3480 595 3549 caeteris
620 3478 856 3548 animantibus
881 3487 1135 3571 praerogatum3
1164 3490 1205 3550 ut
1227 3483 1371 3552 rationis

270 3615 382 3684 capax
408 3595 534 3664 divinae
559 3596 762 3687 prudentiae,
790 3594 925 3663 consilii
950 3595 1152 3688 ingeniique
1176 3605 1373 3667 mereretur

270 3710 504 3802 participium,
525 3711 729 3802 arbitriique
754 3710 920 3781 libertate
946 3711 1095 3781 donatus
1121 3712 1227 3782 solius
1254 3713 1371 3782 condi·

270 3825 356 3894 toris
373 3827 426 3896 sui
444 3830 636 3920 suspiceret
651 3828 869 3898 voluntatem
887 3834 924 3895 et
942 3814 1160 3897 revereretur
1173 3829 1369 3920 imperium.

271 3939 341 4021 Qui
366 3950 446 4012 astu
471 3945 643 4016 diabolico
673 3944 799 4014 misere
830 3943 1007 4033 deceptus,
1035 3941 1119 4011 licet
1149 3953 1294 4036 propter
1318 3947 1369 4017 in·

271 4057 480 4128 obedientias
498 4060 639 4153 eulpam
665 4058 887 4154 privilegium
912 4057 1187 4128 immortalitatis
1204 4061 1369 4144 amiserit,

270 4180 391 4244 tamen
409 4177 563 4247 scientia
581 4186 618 4247 et
643 4173 886 4266 intelligentia
906 4171 1116 4263 dignitatem
1133 4172 1221 4241 adeo
1239 4173 1272 4242 in
1292 4197 1372 4268 pos·

311 4339 320 4374 ¹
342 4342 473 4402 Prefatio
487 4343 554 4403 libri
576 4344 661 4420 primi
684 4363 742 4401 non
764 4352 846 4400 extat
866 4341 894 4398 in
910 4339 1116 4418 blanuscripto
1132 4341 1276 4402 Harleio:
1298 4366 1370 4424 snp-

271 4431 416 4510 plevimus
431 4459 469 4496 ex
484 4438 558 4496 Cod.
574 4437 847 4515 Guelplrerbytano.

1596 2955 1599 3084 l
