3216 5138
286 458 345 520 140
636 473 826 520 annonarii
850 474 954 518 usna
977 475 1015 518 11.

278 628 366 691 culas
388 625 494 690 viridis
516 625 598 706 vitri,
620 637 652 690 et
674 625 791 712 saphiri
807 625 921 705 Graeci,
937 635 1042 690 terens
1064 624 1261 712 singulariter
1291 628 1373 692 inter

279 729 360 794 duos
375 727 495 814 lapides
510 728 709 814 porfiriticos,
724 735 756 792 et
769 727 979 793 commiscens
994 729 1062 792 haec
1076 729 1137 792 tria
1152 729 1255 810 simul,
1278 729 1323 794 its
1338 739 1374 793 ut

280 832 321 896 sit
350 831 440 896 tertia
470 853 543 917 pars
573 832 685 918 pulvis,
712 838 744 895 et
773 831 863 895 tertia
887 829 995 910 viride,
1021 831 1175 917 tertiaque
1201 830 1374 917 saphirum,

279 945 360 1000 teres
384 935 499 1022 pariter
522 956 615 1020 super
641 934 744 1019 ipsum
770 933 907 1020 lapidem
931 956 1004 998 cum
1027 933 1101 997 vino
1124 935 1173 998 vel
1193 931 1283 997 urina
1306 933 1375 996 dili-

280 1037 471 1124 gentissime,
493 1045 526 1100 et
547 1035 675 1100 mittens
697 1037 729 1099 in
743 1059 800 1101 vas
820 1037 954 1102 ferreum
976 1036 1041 1100 sive
1063 1037 1257 1123 plumbeum,
1279 1035 1376 1122 pinge

281 1139 397 1204 vitrum
420 1162 494 1204 curn
520 1139 606 1204 omni
635 1139 759 1203 cautela
790 1139 964 1204 secundum
994 1146 1124 1216 tractus,
1154 1139 1208 1224 qui
1238 1146 1313 1200 sunt
1342 1135 1376 1198 in

282 1243 401 1309 tabula.
456 1241 553 1317 Quod
583 1241 610 1305 si
640 1241 759 1306 litteras
789 1241 822 1305 in
852 1241 933 1304 vitro
963 1241 1066 1305 facere
1096 1239 1240 1320 volueris,
1270 1245 1380 1323 partes

282 1346 460 1432 cooperias
475 1345 605 1410 omnino
620 1344 689 1430 ipso
704 1345 820 1423 colore,
835 1343 975 1408 scribens
991 1364 1044 1407 eas
1059 1342 1162 1408 cauda
1176 1340 1309 1427 pincelli.

628 1787 866 1886 CAPUT
930 1789 1037 1884 xl

414 2015 460 2058 DE
481 2012 605 2058 TRIBUS
627 2009 819 2057 conclusus
842 2010 890 2056 An
914 2011 1047 2055 uulnus
1073 2013 1109 2056 IN
1132 2013 1249 2058 Vl'l'RO.

376 2163 534 2230 MBRAS
557 2173 589 2228 et
610 2161 730 2229 lumina
752 2163 1020 2243 vestimentorum,
1042 2164 1068 2228 si
1095 2163 1255 2228 studiosus
1285 2163 1380 2229 fueris

396 2270 428 2332 in
457 2268 519 2333 hoc
548 2289 652 2354 opere,
682 2265 798 2352 poteris
828 2265 941 2330 eodem
970 2266 1066 2332 modo
1096 2265 1210 2348 facere,
1240 2267 1321 2332 sicut
1347 2267 1380 2330 in

287 2373 409 2459 pictura
432 2371 583 2448 colorum,
610 2369 665 2434 tali
690 2369 797 2432 modo.
842 2367 926 2432 Cum
952 2369 1064 2432 feceris
1090 2377 1210 2434 tractus
1232 2368 1264 2433 in
1288 2368 1381 2433 vesti-

288 2474 402 2539 mentis
425 2495 464 2538 ex
487 2472 592 2536 colore
614 2471 776 2558 predicto,
799 2491 914 2557 sparge
936 2492 1008 2534 eum
1030 2492 1103 2534 cum
1126 2470 1260 2556 pincello
1282 2473 1326 2536 ita
1347 2485 1383 2536 ut

288 2577 402 2641 vitrum
426 2577 482 2639 fiat
503 2574 668 2660 perspicax
691 2573 724 2638 in
746 2596 784 2638 ea
805 2583 904 2658 parta,
925 2594 992 2660 qua
1013 2571 1165 2636 luminam
1188 2572 1291 2638 facere
1305 2596 1382 2638 con-

287 2679 385 2744 suesti
400 2679 433 2742 in
448 2679 578 2765 pictura,
592 2686 625 2740 et
639 2677 723 2740 idern
742 2683 862 2740 tractus
886 2675 919 2738 in
941 2695 1004 2738 una
1025 2683 1115 2760 parte
1137 2675 1178 2738 sit
1199 2674 1325 2756 densus,
1349 2676 1382 2739 in

288 2783 387 2846 altera
401 2781 489 2862 levis,
505 2789 600 2866 atque
615 2779 713 2843 levior
727 2800 801 2843 cum
815 2786 905 2842 tants
920 2775 1082 2862 diligentia
1104 2776 1269 2856 discretus,
1292 2779 1382 2863 quasi

289 2884 455 2947 videantur
478 2891 540 2945 tres
563 2881 685 2945 colores
713 2879 860 2966 appositi.
915 2877 1021 2956 Quem
1048 2877 1189 2944 ordinem
1214 2880 1382 2945 observare

288 2985 333 3048 ita
363 2984 471 3062 debes,
501 2981 581 3046 infre
618 2981 792 3066 supercilia,
822 2989 854 3044 et
890 2981 975 3046 circa
1010 2982 1119 3046 oculos
1156 2990 1253 3069 atque
1290 3003 1383 3046 nares

289 3095 321 3150 et
347 3093 500 3162 mentum,
524 3105 562 3147 ac
587 3082 671 3146 circa
698 3080 794 3146 facies
811 3083 976 3170 juvenum,
1003 3084 1086 3162 cirea
1110 3083 1207 3170 pedes
1227 3083 1329 3148 nudos
1351 3095 1384 3150 et

290 3209 404 3252 manus
438 3196 471 3250 et
504 3186 623 3272 reliqua
659 3184 801 3250 membra
836 3186 976 3273 corporis
1014 3186 1099 3267 nudi,
1131 3186 1233 3274 sitque
1263 3187 1383 3274 species

291 3290 421 3376 picturae
437 3288 614 3375 composita
629 3288 769 3352 colorum
785 3287 944 3353 varietate.

620 3711 849 3808 CAPUT
909 3713 1055 3810 XXL

528 3935 573 3978 DE
595 3935 732 3979 ORNATU
758 3935 914 3981 PICTURAE
936 3937 973 3980 IN
997 3937 1110 3982 vfflto.

354 4087 397 4152 lT
419 4087 514 4152 etiam
538 4087 668 4174 quidam
691 4098 821 4153 ornatus
843 4089 876 4152 in
898 4088 988 4169 vitro,
1010 4088 1155 4153 videlicet
1177 4089 1210 4152 in
1233 4089 1387 4170 vestibus,

374 4193 406 4256 in
429 4191 567 4271 sedibus,
590 4191 674 4254 etin
698 4193 828 4276 campis,
851 4193 884 4256 in
915 4192 1052 4278 saphiro,
1078 4193 1111 4255 in
1133 4192 1222 4255 viridi
1248 4201 1280 4256 et
1301 4193 1387 4272 albo,

292 4317 512 4381 purpureoque
533 4294 638 4358 colore
661 4293 758 4383 claro.
809 4294 893 4358 Cum
918 4294 1027 4360 feceris
1054 4293 1174 4380 priores
1198 4294 1327 4358 umbras
1353 4293 1386 4357 in

292 4397 472 4484 hujusmodi
489 4395 638 4475 vestibus,
667 4405 697 4459 et
724 4395 815 4460 siccae
840 4396 964 4477 suerint,
989 4397 1138 4483 quicquid
1162 4396 1315 4481 reliquum
1339 4403 1388 4460 est
