3236 5144
284 546 354 610 272
628 561 819 607 rasorium
844 561 949 606 nrnnn
971 563 1026 607 111.

286 714 435 802 Cumque
449 715 636 800 imposueris
651 714 799 800 migma,
814 713 986 778 commisce
1006 713 1184 799 diligenter,
1198 735 1392 803 ponensque

285 839 380 903 super
395 839 512 904 prunas
528 817 643 903 pariter
657 817 808 880 combure
823 816 945 880 fortiter
960 836 998 879 ac
1020 815 1128 880 denuo
1142 827 1218 880 tere.
1266 815 1391 882 Postea

285 939 325 983 ex
340 919 489 984 anteriori
503 941 578 982 vase
593 917 691 982 funde
713 919 850 981 lexiram
865 918 898 980 in
912 918 1002 998 illud,
1018 919 1051 980 in
1070 941 1138 1003 quo
1153 928 1203 983 est
1224 920 1340 1005 pulvis,
1355 929 1392 983 ct

285 1021 458 1086 commisce
472 1031 570 1107 atque
579 1021 630 1083 fac
645 1020 757 1084 bullire
772 1020 836 1097 diu,
846 1029 879 1083 et
893 1041 966 1083 cum
982 1019 1133 1105 frigidum
1145 1019 1240 1083 fuerit
1253 1021 1392 1086 refunde

286 1123 378 1186 simul
391 1145 464 1187 cum
480 1124 608 1209 pulvere
623 1121 676 1185 ubi
692 1123 779 1208 prius
794 1131 872 1200 erat,
883 1121 938 1186 ubi
953 1121 1049 1186 etiam
1061 1131 1200 1208 quatuor
1215 1122 1390 1208 particulas

286 1223 374 1308 cupri
404 1224 559 1311 impones,
590 1246 646 1311 per
675 1245 755 1311 quas
785 1223 1028 1290 commisceatur
1057 1223 1161 1307 pulvis
1191 1245 1248 1308 per
1277 1226 1391 1289 omnia

285 1324 432 1411 quotiens
446 1327 590 1392 volueris.
636 1325 708 1390 Hac
720 1325 920 1390 confectione
935 1323 1089 1388 solidatur
1100 1345 1214 1387 aurum
1225 1335 1259 1388 et
1271 1345 1390 1411 argen-

286 1435 374 1506 tnm3
397 1427 452 1492 sed
478 1429 511 1491 in
534 1428 700 1493 solidando
724 1449 801 1492 auro
825 1435 1065 1491 commoveatur
1089 1427 1204 1513 pulvis,
1229 1434 1266 1490 ut
1290 1447 1389 1512 snpra

286 1527 407 1594 dictum
422 1539 481 1609 est,
496 1529 530 1594 in
544 1541 678 1616 argento
693 1551 768 1594 vero
783 1529 953 1593 solidando
967 1550 1033 1593 non
1047 1537 1225 1594 moveatur.

627 1997 859 2094 CAPUT
915 1996 1040 2092 LII.

518 2217 564 2261 DE
586 2219 791 2264 IMPONENDA
814 2217 1029 2264 sonnerunt
1052 2218 1155 2263 AURO.

289 2363 419 2518 HIS
428 2365 472 2431 ita
481 2369 666 2456 compositis
676 2369 784 2454 accipe
796 2368 867 2432 illas
878 2367 959 2430 duas
969 2375 1075 2453 partes
1084 2364 1162 2445 auri,
1172 2366 1288 2452 quibus
1298 2368 1384 2432 auri-

389 2470 493 2534 culas¹
506 2470 661 2551 formasti,
677 2479 710 2534 et
721 2492 803 2556 pone
813 2491 921 2534 coram
932 2478 964 2532 te
975 2489 1183 2554 gemmasque
1194 2470 1385 2556 quasimpo-

286 2591 360 2636 nere
369 2571 515 2654 volueris,
525 2595 608 2660 pone
620 2595 714 2658 super
726 2593 791 2651 ens,
800 2581 833 2635 et
841 2568 1058 2656 margaritas²,
1073 2592 1334 2658 unamquamque
1349 2573 1382 2636 in

286 2674 435 2740 suoloco.
458 2675 582 2740 Deinde
592 2685 719 2762 percute
728 2695 839 2738 aurum
849 2673 965 2759 gracile
974 2682 1007 2736 et
1015 2673 1157 2758 longum,
1167 2681 1200 2735 et
1208 2672 1384 2738 traheinde

285 2775 339 2839 fila
354 2797 475 2861 grossa,
492 2779 662 2842 mediocria
677 2787 709 2840 et
732 2775 870 2854 subtilia,
885 2782 917 2838 et
937 2775 1014 2838 lima
1028 2796 1068 2838 ea
1087 2773 1171 2838 ferro
1186 2776 1382 2861 supradicto,

284 2877 330 2941 ita
353 2888 389 2942 ut
411 2879 443 2942 in
457 2881 503 2944 eis
518 2903 619 2966 grana
642 2880 827 2944 formentur.
872 2877 998 2954 Quibus
1021 2879 1166 2959 recoctis,
1181 2882 1326 2966 repositis
1349 2891 1384 2946 et

285 2981 442 3066 colligatis
463 2980 663 3066 singulariter
687 2983 832 3068 gemmis,
857 2991 980 3067 partem
1007 2981 1137 3068 majoris
1167 2982 1223 3061 fili,
1254 2984 1382 3070 aptabis

285 3103 359 3145 cum
374 3081 493 3166 forcipe
508 3083 624 3162 subtili,
640 3085 723 3148 circa
738 3105 826 3148 oram
842 3083 926 3148 auris
941 3083 973 3146 in
987 3083 1130 3168 utrisque
1152 3084 1295 3169 partibus
1309 3085 1381 3166 illis,

285 3193 404 3249 etcum
428 3183 548 3271 forcipe
572 3185 719 3250 incisorio
735 3185 831 3250 facies
852 3185 1072 3250 subtilissimas
1094 3185 1249 3252 incisuras
1263 3187 1297 3252 in
1319 3188 1381 3252 cir·

284 3287 380 3368 cuitu,
389 3287 505 3374 quibus
520 3289 722 3352 confirmabis
736 3288 805 3373 ipsa
820 3287 874 3351 fila
885 3308 924 3350 ne
939 3288 1066 3366 cadant,
1077 3287 1180 3352 donce
1195 3291 1380 3356 solidentur.

285 3389 497 3454 Postmodum
528 3391 634 3476 accipe
663 3399 786 3476 partem
815 3389 882 3452 auri
904 3399 1032 3453 tenuem
1062 3398 1094 3454 et
1127 3391 1234 3476 ligneo
1263 3395 1380 3460 malleo

283 3503 452 3578 mquatam,
466 3503 498 3556 et
520 3493 643 3557 colloca
658 3513 752 3577 super
775 3512 845 3554 cam
862 3490 918 3554 fila
941 3490 1113 3555 mediocria
1136 3493 1270 3557 multum
1291 3495 1380 3559 ordi·

284 3593 393 3672 natim,
405 3595 450 3657 ita
463 3605 579 3659 utnon
594 3594 653 3658 sibi
668 3593 860 3671 adhaereant,
875 3591 932 3655 sed
946 3590 1087 3656 habeant
1102 3594 1206 3680 spatia
1219 3596 1301 3660 inter
1323 3619 1377 3677 se;

282 3697 315 3759 in
339 3697 573 3762 summitatibus
588 3718 695 3761 corum
711 3695 791 3758 fiant
809 3695 939 3759 subtiles
962 3694 1108 3759 incisurae
1122 3697 1155 3760 in
1178 3697 1265 3762 tenui
1286 3719 1378 3780 auro,

282 3797 399 3884 quibus
424 3799 572 3885 ligentur.
616 3800 822 3884 Acceptoque
836 3797 966 3860 vasculo
989 3797 1021 3858 in
1037 3819 1101 3884 quo
1117 3806 1166 3862 est
1190 3801 1378 3881 solidatum,

283 3910 417 3964 concute
433 3902 564 3982 fortiter,
579 3911 616 3966 ut
628 3900 870 3966 commisceatur
884 3899 995 3986 pulvis,
1011 3909 1131 3964 etcum
1147 3923 1253 3986 penna
1267 3903 1378 3988 gracili

282 4004 371 4068 linies
386 4005 487 4090 ipsam
503 4003 707 4068 solidatumm
723 4023 817 4087 super
838 4023 949 4065 aurum
972 4002 1049 4065 illud
1065 4012 1097 4064 et
1118 4023 1213 4089 super
1228 4005 1281 4068 fila
1305 4004 1378 4068 dili-

283 4116 394 4194 genter
409 4129 465 4194 per
479 4107 597 4186 omnin,
612 4105 780 4191 mittesque
795 4105 827 4166 in
850 4103 957 4190 ignem
972 4113 1067 4190 atque
1089 4103 1232 4169 sufflabis
1247 4105 1321 4170 folle
1343 4116 1378 4170 et

413 4309 420 4338 ¹
437 4305 521 4356 vitiosi
532 4307 667 4356 “anricnlns
675 4305 699 4366 ;”
715 4308 743 4354 in
756 4308 812 4355 eod.
826 4307 924 4370 mepta.
940 4309 956 4333 “
964 4305 1111 4366 animun?
1122 4308 1220 4358 videtur.

412 4389 422 4418 ¹
438 4393 454 4418 “
465 4389 579 4448 martius,”
589 4405 605 4438 a
616 4385 762 4448 mrbcsulrd
770 4389 878 4451 ponitur.
