3236 5144
298 501 361 568 254
650 523 840 568 rasorium
867 523 969 568 ursan
993 525 1045 568 ιιι.

297 695 421 737 mrsum
436 673 589 760 mquabis,
605 675 713 761 sicque
736 675 856 740 tamdiu
880 675 976 739 facies
991 675 1184 764 usquedum
1207 697 1318 740 surum
1342 700 1401 764 pcr

296 775 404 839 omnia
418 776 588 840 adlraerent.
633 775 780 842 Secundo
794 777 898 842 incide
914 799 1026 842 aurum
1038 785 1070 840 et
1084 799 1159 842 cnm
1175 799 1273 864 cupro
1288 801 1399 868 super-

296 898 390 961 pone,
406 889 502 964 atque
517 900 590 942 cum
605 879 679 965 igne
693 889 726 944 et
740 879 816 944 setis
831 879 882 944 fac
897 879 979 943 sicut
999 879 1154 966 superius.
1197 879 1304 946 'lertio
1321 905 1399 946 vero

295 979 436 1043 similiter
450 981 557 1045 facies.
602 981 749 1070 Cumque
773 984 865 1047 tertia
891 983 959 1046 vioe
982 1005 1094 1046 aurum
1119 984 1252 1069 caeperit
1275 985 1398 1064 siccari,

296 1103 369 1144 cum
393 1081 485 1146 siccis
500 1084 576 1148 setis
601 1085 739 1164 micabis,
764 1085 867 1149 donec
892 1086 1023 1172 incipiat
1047 1084 1227 1171 pallescere.
1273 1085 1307 1150 Si
1322 1107 1398 1150 vero

298 1205 338 1248 ex
352 1185 545 1272 negligentia
556 1186 733 1274 contigerit,
743 1195 779 1251 ut
794 1187 900 1276 aliqua
910 1188 1034 1252 macula
1043 1195 1196 1272 appareat
1209 1187 1241 1250 in
1254 1197 1397 1273 argento,

296 1285 350 1349 ubi
365 1308 476 1351 aurum
491 1297 586 1354 tenue
602 1290 643 1354 sit
657 1300 690 1354 et
711 1289 906 1378 inaequuliter
919 1289 1069 1376 positum,
1085 1291 1159 1352 cu'm
1175 1310 1274 1375 cupro
1289 1311 1397 1373 super-

296 1410 390 1474 pone,
406 1399 525 1454 etcum
541 1391 633 1456 siccis
649 1392 725 1456 setis
744 1414 846 1480 oequa,
861 1392 965 1456 donec
992 1413 1047 1477 per
1071 1389 1181 1454 omnia
1201 1389 1321 1477 aequale
1345 1389 1395 1453 sit.

297 1488 393 1565 Quod
423 1515 498 1556 cum
528 1493 653 1574 videris,
683 1495 775 1560 mitte
802 1495 835 1558 in
865 1517 983 1582 squam
1010 1504 1042 1558 et
1064 1491 1191 1556 mundis
1211 1492 1288 1556 setis
1312 1493 1395 1570 lara,

296 1613 482 1682 rursumque
517 1618 639 1682 ponens
671 1620 765 1684 super
793 1597 950 1662 carbones
980 1596 1103 1661 tamdiu
1133 1593 1264 1674 calefac,
1293 1594 1396 1658 donec

297 1695 428 1762 omnino
443 1719 589 1763 croceum
607 1700 673 1764 liat.

600 2062 1096 2075 -—-——-·—.—-—

565 2303 805 2400 OAPUT
862 2303 1116 2401 XXXIX.

613 2541 659 2585 DE
682 2541 858 2586 Postumus
881 2541 1077 2587 auserunt.

372 2709 498 2777 OLLE‘
513 2711 566 2774 fils
592 2732 633 2774 ex
655 2709 813 2774 auricalco
840 2709 968 2796 gracilia
993 2709 1188 2794 complicans
1210 2729 1259 2789 sa,
1281 2709 1336 2789 ita,
1359 2718 1395 2774 ut

393 2815 553 2900 plicaturae
576 2813 639 2877 sint
660 2811 702 2876 ad
724 2811 956 2898 longitudinem
978 2811 1090 2898 digiti;
1113 2823 1146 2875 et
1166 2833 1240 2876 eum
1255 2811 1396 2899 quadru-

296 2916 393 3003 plices
408 2916 536 2995 frierint,
551 2915 666 3001 colliga
677 2935 733 2980 eos
743 2915 798 2979 filo
814 2916 908 2995 lineo,
922 2925 958 2980 ut
970 2916 1013 2980 sit
1027 2915 1118 3002 qussi
1134 2937 1197 2980 una
1212 2936 1295 3002 pars.
1341 2915 1394 2980 Ex

295 3019 346 3084 his
360 3019 504 3106 partibus
520 3018 570 3082 lec
585 3026 721 3104 quatuor
741 3027 797 3082 sut
820 3019 969 3106 quinque,
985 3019 1035 3084 vel
1050 3040 1117 3099 sex,
1131 3019 1177 3084 ita
1191 3029 1228 3082 ut
1242 3039 1307 3082 uns
1320 3039 1394 3104 pars

293 3122 413 3188 habeat
437 3131 500 3186 tres
526 3121 709 3207 plicaturas,
735 3121 798 3186 alia
820 3131 970 3208 quatuor,
997 3121 1088 3186 tertia
1112 3122 1263 3209 quinque,
1289 3122 1393 3186 etsie

294 3224 496 3292 ascendendo
511 3247 613 3311 usque
635 3223 675 3288 sd
698 3232 782 3289 octo.
827 3223 954 3300 Quibus
969 3223 1116 3289 omnibus
1130 3223 1313 3311 singillatim
1326 3223 1394 3288 ool-

294 3329 410 3416 ligetis,
425 3329 476 3394 lac
495 3328 656 3393 modicum
678 3327 822 3392 foramen
843 3326 877 3390 in
900 3325 999 3412 ligno,
1021 3326 1055 3390 in
1068 3325 1156 3413 quod
1172 3347 1272 3412 pones
1287 3347 1328 3390 ex
1342 3325 1393 3390 his

294 3431 455 3518 particulis
477 3452 585 3509 unam,
608 3438 641 3494 et
663 3429 794 3493 infunde
819 3429 997 3515 plumbum,
1023 3429 1069 3493 ita
1090 3438 1128 3493 ut
1147 3449 1220 3492 cum
1243 3427 1393 3514 frigidum

293 3533 387 3598 luerit
402 3544 435 3598 et
448 3533 632 3612 extraxeris,
642 3531 827 3595 adhaereant
840 3531 901 3595 sibi
912 3531 990 3616 ipsae
1004 3531 1167 3617 plicaturae
1180 3529 1272 3618 quasi
1287 3529 1392 3615 plum-

294 3636 355 3700 beo
377 3636 463 3700 nodo
478 3634 595 3698 infixae.
641 3632 714 3697 Hoc
736 3632 834 3697 modo
857 3632 908 3697 fac
930 3633 1063 3719 singulis
1085 3633 1227 3720 partibus
1248 3632 1393 3718 singulos

294 3737 395 3800 nodos
419 3737 595 3822 plumbeos,
617 3747 650 3799 et
670 3733 813 3800 incidens
836 3731 1007 3820 plicaturas
1031 3755 1141 3799 omnes
1159 3735 1228 3820 jam
1244 3735 1276 3796 in
1292 3735 1393 3798 altera

292 3849 393 3926 parte,
414 3839 490 3902 lima
510 3846 543 3901 et
566 3837 642 3901 rade
663 3835 862 3901 summitates
887 3859 1006 3917 esrum,
1031 3847 1068 3902 ut
1094 3835 1239 3900 rotundae
1261 3837 1341 3900 fiant
1359 3845 1392 3900 et

293 3944 429 4030 aequales
438 3966 448 4023 ;
471 3963 544 4006 cum
561 3939 675 4028 quibus
690 3938 781 4026 qussi
803 3940 987 4026 sculpendo,
1004 3938 1139 4026 poliens,
1155 3939 1253 4026 polies
1268 3939 1392 4002 auricu-

293 4048 341 4111 las
351 4046 520 4110 deauratas
534 4044 566 4106 in
575 4063 748 4130 aquapura
759 4051 791 4107 et
802 4065 876 4107 vase
886 4043 1016 4106 munde.
1061 4040 1153 4117 Quas
1167 4063 1241 4105 oum
1256 4041 1390 4105 extremi

292 4159 383 4234 parte
393 4146 566 4234 sculpendo
581 4145 716 4231 polieris,
731 4169 815 4232 pone
831 4167 924 4232 super
938 4145 1093 4210 carbones
1108 4143 1212 4208 donec
1227 4145 1392 4209 calelactoe

291 4251 324 4314 iu
339 4251 460 4316 fulvum
476 4250 616 4314 colorem
639 4257 874 4328 convertantur,
897 4259 929 4312 st
943 4248 1078 4334 perdant
1091 4247 1278 4326 claritatem,
1294 4267 1390 4334 quam
