3216 5138
314 548 374 610 ll6
650 566 826 610 rnononus
850 567 884 609 rn
910 567 1106 611 sncunnun.

308 733 466 802 imitator
483 754 548 824 ego
567 732 765 802 desiderans
784 733 868 815 fore,
886 732 1101 825 apprehendi
1127 733 1257 802 atrium
1283 731 1407 827 regiae¹

310 849 452 940 Sophiae
472 847 721 939 conspicorque
742 848 905 918 cellulam
924 848 1137 918 diversorum
1158 848 1315 919 colorum
1335 873 1410 920 om-

310 965 453 1034 nimoda
470 964 642 1034 varietate
668 965 832 1035 refertam
856 975 893 1034 et
916 973 1171 1034 monstrantem
1193 964 1409 1058 singulorum

311 1081 505 1151 utilitatem
523 1103 564 1150 ac
582 1090 752 1150 naturam.
806 1081 885 1162 Quo
905 1104 989 1150 mox
1006 1081 1227 1151 inobservato
1251 1081 1341 1173 pede
1358 1083 1409 1151 in-

310 1219 458 1291 gressus,
483 1195 615 1288 replevi
639 1196 862 1266 armariolum
889 1197 1001 1267 cordis
1026 1198 1096 1266 mei
1122 1195 1337 1268 sufficienter
1363 1221 1410 1268 ex

312 1312 482 1394 omnibus,
509 1335 586 1404 quae
612 1312 772 1406 diligenti
798 1313 1017 1406 experientia
1046 1310 1226 1406 sigillatim
1253 1335 1410 1405 perscru-

311 1439 417 1512 tatus,
439 1435 567 1498 cuncta
587 1428 664 1498 visu
686 1428 917 1520 manibusque
939 1428 1086 1521 probata
1107 1428 1190 1498 satis
1213 1427 1329 1499 lucide
1346 1438 1409 1500 tuo

311 1545 428 1616 studio
453 1544 696 1615 commendavi
722 1545 853 1636 absque
878 1543 1018 1614 invidia.
1081 1542 1217 1614 Verum
1243 1545 1409 1636 quoniam

310 1661 510 1755 hujusmodi
528 1661 672 1754 pictnrae
694 1683 777 1731 usus
800 1659 983 1753 perspicax
1008 1680 1078 1728 non
1095 1658 1191 1728 valet
1208 1681 1293 1742 esse,
1311 1662 1408 1752 quasi

311 1777 467 1848 curiosus
478 1776 679 1870 explorator
691 1777 853 1846 omnibus
865 1775 980 1844 modis
997 1772 1172 1845 elaborari
1190 1799 1407 1870 cognoscere,

311 1915 381 1984 quo
406 1894 491 1964 artis
516 1892 657 1985 ingenio
682 1901 720 1962 et
745 1891 901 1962 colorum
927 1891 1078 1961 varietas
1103 1914 1191 1985 opus
1218 1893 1408 1976 decoraret,

310 2018 348 2079 ot
366 2008 481 2079 lucem
499 2009 569 2079 diei
586 2007 737 2100 solisque
762 2008 876 2078 radios
893 2029 964 2076 nou
984 2006 1183 2100 repelleret.
1236 2007 1330 2079 Huic
1348 2033 1409 2080 ex·

310 2125 434 2196 eroitio
451 2147 592 2217 operam
610 2125 695 2195 dans
708 2125 788 2194 vitri
805 2133 967 2195 naturam
985 2125 1252 2216 comprehendo,
1265 2127 1409 2219 ejusque

309 2239 416 2312 solius
439 2264 505 2312 usu
531 2251 569 2312 et
594 2243 767 2330 varietate
792 2241 828 2310 id
854 2239 944 2320 effici
970 2263 1072 2332 posse
1098 2242 1287 2326 considero,
1314 2244 1408 2336 qnod

310 2357 507 2440 artificium,
537 2359 627 2430 sicut
658 2360 769 2430 visum
801 2367 839 2428 et
868 2358 1028 2428 auditum
1057 2357 1173 2440 didici,
1201 2359 1317 2429 studio
1345 2369 1408 2430 tuo

310 2474 476 2568 indagare
493 2475 621 2544 curavi.
699 2461 702 2469 ⁸

624 2669 775 2747 1‹«„giae,'’
793 2669 862 2728 cod.
880 2669 1044 2749 Lipsiensis.

671 3403 826 3446 EXPLICIT
850 3403 1037 3448 nnumin.
