3140 5152
288 442 353 506 3³0
641 459 833 504 rusorum
857 459 961 504 mssa
984 459 1036 503 ιιι.

287 611 375 676 limbi
390 611 522 698 graciles
537 621 571 676 et
593 613 729 690 latiores,
755 611 918 697 inquibus
936 611 1002 676 sint
1016 610 1120 688 flores,
1144 608 1251 674 beatae
1264 617 1299 673 et
1315 608 1387 672 avi·

287 715 377 792 culoe,
400 713 466 779 sive
481 715 634 780 dracones
656 715 855 780 concatenati
875 713 965 778 collis
980 721 1013 778 et
1031 711 1152 791 caudis,
1175 717 1207 776 et
1219 733 1285 776 non
1300 711 1387 774 scul-

288 825 402 902 pantur
418 815 571 901 profunde
586 818 690 898 nimis,
712 818 768 882 sed
784 817 982 884 mediocriter
996 837 1035 880 ac
1049 815 1202 881 studiose.
1256 813 1386 878 Deinde

288 918 467 983 attenuabis
475 929 642 1006 argentum
652 922 752 986 multo
762 921 887 986 tenuius
896 941 993 1006 quam
1002 919 1042 984 ad
1055 917 1244 982 elevandum
1254 925 1387 1004 quantae

288 1022 492 1108 longitudinis
507 1023 653 1104 volueris,
662 1033 757 1112 atque
772 1023 923 1110 purgabis
938 1043 1011 1088 cum
1026 1021 1216 1086 carbonibus
1231 1018 1388 1084 subtiliter

288 1125 380 1203 tritis,
402 1134 436 1189 et
449 1147 567 1212 panno,
589 1127 688 1212 polles
711 1149 784 1192 cum
807 1137 895 1192 creta
916 1125 1051 1212 desuper
1073 1123 1155 1190 raah.
1203 1123 1277 1198 Quo
1299 1121 1388 1186 facto

289 1229 448 1315 conjunge
474 1239 640 1316 argeutum
661 1230 839 1318 cuicunque
859 1230 969 1309 limbo,
991 1228 1219 1314 suppositoque
1238 1226 1320 1291 lerro
1334 1225 1388 1288 in·

288 1331 414 1410 eudem,
424 1331 470 1396 ita
484 1341 519 1396 ut
534 1334 697 1419 sculptura
711 1334 853 1421 superius
868 1331 920 1411 sit,
933 1352 972 1396 ac
986 1331 1184 1417 superlocato
1198 1329 1228 1394 ei
1241 1336 1388 1414 argento,

288 1434 423 1521 desuper
444 1457 527 1520 pone
549 1437 715 1522 plumbum
738 1435 890 1522 (spissum
900 1435 923 1513 ¹,
950 1434 1167 1520 percutiesque
1188 1453 1260 1496 cum
1282 1431 1388 1494 maleo

290 1536 419 1618 fortiter,
441 1537 486 1602 ita
506 1547 541 1602 ut
562 1539 740 1625 plumbum)
763 1539 919 1624 impinget
939 1545 1107 1623 argentum
1126 1545 1220 1600 tenue
1234 1535 1267 1596 in
1281 1533 1389 1618 sculp-

288 1650 391 1705 turam
413 1650 479 1705 tam
494 1641 608 1720 aalide,
631 1650 668 1706 ut
682 1663 793 1706 omnes
813 1650 932 1704 tractus
947 1639 979 1701 in
996 1660 1035 1702 eo
1051 1637 1183 1723 pleniter
1202 1645 1387 1723 appareant.

291 1742 430 1817 Quodsi
449 1743 566 1807 lamina
589 1743 713 1829 longior
732 1742 835 1822 fuerit,
857 1741 947 1806 trahe
967 1762 1039 1806 eam
1062 1741 1189 1806 deloco
1208 1741 1249 1804 ad
1269 1740 1389 1814 locum,

290 1853 323 1907 et
336 1844 541 1928 conjunctam
556 1845 638 1910 ferro
656 1867 730 1910 curn
748 1845 867 1930 forcipe
881 1843 1045 1932 equaliter
1062 1852 1146 1922 tene,
1169 1853 1205 1907 ut
1218 1863 1281 1907 una
1295 1853 1389 1927 parte

291 1945 451 2030 percussi,
474 1945 536 2010 alia
556 1947 758 2032 percutiatur,
782 1947 890 2036 sicque
909 1947 967 2010 fiat
985 1946 1087 2010 donec
1109 1945 1226 2010 lamina
1246 1953 1313 2008 tota
1328 1943 1389 2006 im-

290 2047 423 2132 pleatur.
467 2045 540 2112 Hoc
560 2069 640 2134 opus
659 2049 737 2113 satis
750 2049 826 2114 uh'le
840 2059 890 2116 est
908 2049 993 2114 circa
1012 2048 1127 2113 limbos
1147 2048 1179 2112 in
1194 2046 1389 2112 fabricandis

290 2147 406 2212 tabulis
420 2148 577 2230 altarium,
587 2150 620 2214 in
634 2151 818 2238 pulpitibus,
829 2151 862 2216 in
875 2161 1055 2218 sanctorum
1072 2171 1239 2236 corporum
1254 2149 1389 2228 scriniis,

291 2249 325 2312 in
338 2248 425 2314 libris
436 2259 469 2316 et
483 2251 514 2316 in
527 2253 768 2340 quibuscunque
783 2254 861 2320 locis
876 2277 956 2342 opus
969 2255 1072 2334 fuerit,
1084 2254 1213 2341 quando
1227 2254 1390 2317 elevatura

291 2353 407 2419 decora
421 2363 470 2418 est
483 2363 516 2418 et
529 2355 663 2435 subtilis,
675 2368 708 2420 et
722 2358 833 2421 leviter
845 2358 892 2421 fit.
938 2355 991 2420 Fit
1005 2355 1101 2421 etiarn
1115 2356 1148 2419 in
1162 2377 1260 2442 cupro
1274 2355 1388 2441 hujus-

292 2455 379 2520 modi
393 2455 480 2544 quod
500 2457 593 2522 simili
607 2457 704 2524 modo
728 2466 919 2539 attenuatur,
937 2470 1090 2546 purgatur
1104 2467 1137 2524 et
1156 2459 1325 2524 deauratur
1339 2469 1389 2522 at·

292 2583 355 2647 que
374 2561 508 2647 politur;
530 2561 618 2648 quod
641 2561 724 2626 ferro
744 2563 987 2648 superpositum,
1009 2562 1054 2626 ita
1068 2576 1105 2626 ut
1117 2561 1305 2626 deauratura
1319 2581 1390 2624 rer-

291 2671 377 2728 tatur
390 2665 432 2728 ad
448 2663 576 2743 ferrum,
590 2665 720 2750 plumbo
740 2665 940 2751 superposito
955 2665 1127 2750 percutitur
1148 2665 1250 2728 donec
1267 2673 1390 2728 tractus

292 2777 477 2853 appareant.
516 2766 676 2852 Sculpitur
684 2789 811 2855 quoque
822 2769 856 2832 in
867 2767 961 2847 ferro,
972 2767 1068 2832 modo
1077 2767 1268 2854 supradicto,
1279 2767 1390 2853 imago

292 2870 434 2934 crucifixi
450 2869 592 2948 Domini,
614 2891 686 2955 quae
700 2891 774 2934 cum
789 2879 922 2958 argento
937 2872 986 2935 vel
1001 2893 1099 2957 cupro
1118 2871 1270 2936 deaurato
1285 2870 1390 2956 inpin-

292 2971 387 3058 gitur,
402 2979 434 3035 et
448 2969 641 3035 fabricentur
662 2971 737 3036 inde
758 2972 964 3059 phylacteria,
980 2973 1013 3037 id
1035 2983 1085 3039 est
1101 2973 1247 3059 capsellae
1262 2972 1390 3059 reliqui·

293 3093 382 3136 arum
402 3080 435 3136 et
456 3072 604 3137 scriniola
626 3071 824 3139 Sanctorum.
872 3073 924 3140 Fit
944 3075 1039 3140 etiam
1060 3077 1221 3163 sculptura
1240 3075 1390 3161 imaginis

293 3175 378 3262 Agni
402 3174 464 3240 Dei
479 3175 511 3239 in
535 3174 626 3256 ferro,
641 3185 674 3240 et
695 3176 849 3263 imagines
871 3187 1007 3266 quatuor
1028 3178 1302 3265 evangelistarum,
1318 3177 1391 3264 qui-

293 3274 353 3339 bus
374 3297 451 3340 auro
465 3276 514 3340 vel
528 3288 660 3363 argento
682 3277 841 3364 impressis
856 3289 1008 3344 ornantur
1022 3280 1133 3368 scyphi
1157 3281 1233 3368 ligni
1248 3281 1390 3368 pretiosi,

293 3387 398 3443 stante
420 3379 524 3442 rotula
545 3379 619 3464 agni
642 3380 674 3444 in
700 3381 805 3446 medio
833 3382 955 3468 scyphi,
976 3392 1112 3469 quatuor
1133 3383 1334 3472 evangelistis
1354 3383 1390 3447 in

294 3480 425 3542 modum
440 3481 543 3544 crucis
558 3482 590 3544 in
605 3482 745 3562 circuitu,
760 3493 792 3547 et
812 3483 1056 3569 procedentibus
1073 3495 1212 3574 quatuor
1226 3485 1332 3552 limbis
1346 3485 1391 3550 ab

295 3603 380 3666 agno
395 3603 496 3668 usque
517 3583 557 3646 ad
580 3592 716 3670 quatuor
734 3587 961 3674 evangelistas:
985 3589 1067 3652 liunt
1080 3588 1235 3675 imagines
1253 3587 1391 3674 piscicu-

294 3684 395 3748 lorum
411 3693 443 3746 et
457 3684 563 3748 evium
586 3695 681 3773 atque
703 3686 884 3770 bestiarum,
906 3713 978 3778 quae
999 3692 1140 3778 figuntur
1161 3711 1218 3779 per
1233 3689 1392 3776 reliquum

294 3783 406 3873 scyphi
438 3809 597 3874 campum,
631 3790 806 3874 prebentes
838 3803 985 3857 ornatum
1017 3795 1162 3858 multum.
1211 3791 1264 3856 Fit
1292 3792 1393 3856 etiam

294 3888 401 3975 imago
418 3887 599 3977 Majestatis
620 3891 731 3958 eodem
756 3894 863 3974 modo,
880 3895 1012 3982 aliaeque
1032 3896 1197 3983 imagines,
1221 3896 1395 3981 cujuscun-

620 4077 626 4109 ¹
643 4079 790 4140 mntem,
800 4095 828 4130 es
839 4081 895 4132 cau
908 4053 1008 4147 Gaelpl.
