3216 5138
288 464 347 530 138
640 482 831 526 nanornrnr
855 481 958 526 arnna
979 481 1017 525 11.

282 643 369 700 creta
390 656 484 720 super
498 635 613 698 vitrum
635 635 807 698 exteriores
829 641 948 698 tractus
970 641 1105 696 tantum.
1152 629 1196 694 Et
1217 631 1244 696 si
1263 631 1378 695 vitrum

282 735 359 798 illud
381 734 515 799 densum
537 734 630 799 fuerit
652 735 696 800 sic
719 746 842 800 utnon
863 734 967 820 possis
989 733 1165 820 perspicere
1186 739 1308 798 trachis
1324 731 1379 818 qui

284 835 411 900 suntin
435 837 553 916 tabula,
576 836 733 923 accipiens
756 837 865 902 album
879 836 994 901 vitrum
1016 835 1162 921 pertrahe
1184 855 1380 920 supereum,

284 947 380 1025 atque
402 961 475 1004 cum
498 939 618 1004 siccum
644 939 737 1004 fuerit
762 960 844 1025 pone
865 939 1000 1003 densum
1020 937 1135 1000 vitrum
1157 956 1250 1020 snper
1272 933 1380 998 album

283 1042 410 1106 elevans
426 1049 537 1107 contra
550 1044 662 1122 lucem,
683 1051 716 1107 et
733 1043 813 1106 sicut
833 1041 1041 1127 perspexeris,
1056 1039 1100 1104 ita
1114 1037 1269 1124 pertrahe.
1315 1035 1380 1100 Eo·

284 1141 356 1206 dern
373 1144 469 1208 modo
484 1143 665 1230 designabis
687 1145 795 1210 omnia
812 1165 930 1229 genera
945 1141 1017 1206 vitri
1032 1140 1098 1206 sive
1113 1140 1146 1204 in
1161 1137 1251 1219 facie,
1267 1137 1380 1203 sivein

285 1245 490 1326 vestimentis,
516 1248 549 1310 in
574 1248 729 1328 manibus,
756 1247 789 1310 in
815 1246 958 1333 pedibus,
984 1245 1016 1306 in
1040 1242 1149 1322 limbo,
1171 1242 1220 1306 rel
1246 1241 1279 1305 in
1301 1263 1381 1328 quo·

284 1369 420 1435 cumque
436 1350 506 1414 loco
521 1352 642 1415 colores
658 1372 775 1436 ponere
790 1349 934 1414 volneris.

585 1872 806 1968 CAPUT
877 1872 1090 1967 xvrln

631 2092 677 2134 DE
701 2091 899 2136 DIVIDENDO
922 2091 1038 2136 VI'I'BO.

366 2237 510 2305 OSTEA
533 2242 698 2309 calefacies
722 2245 754 2307 in
777 2243 848 2308 foco
871 2242 989 2306 ferrum
1011 2242 1205 2323 divisoriam,
1231 2244 1317 2331 quod
1342 2245 1384 2309 sit

365 2344 542 2429 peremnia
557 2345 683 2432 gracile,
705 2346 761 2410 sed
785 2346 817 2408 in
833 2347 897 2410 fine
912 2344 1061 2432 grossius.
1107 2344 1203 2420 Quod
1220 2367 1293 2410 cum
1308 2368 1383 2410 can-

287 2445 389 2510 duerit
410 2445 442 2509 in
465 2447 613 2534 grossiori
637 2455 736 2534 parte,
761 2449 887 2535 adpone
909 2449 1002 2529 vitro,
1023 2447 1111 2534 quod
1133 2447 1273 2512 dividere
1294 2450 1384 2512 voln-

288 2548 359 2626 eris,
379 2557 410 2612 et
430 2570 505 2613 mox
528 2551 694 2636 apparebit
713 2550 834 2614 initium
857 2550 1011 2616 fracturae.
1056 2550 1090 2615 Si
1105 2573 1179 2616 vero
1195 2550 1310 2614 vitrum
1326 2551 1384 2614 du-

289 2673 358 2715 rum
381 2651 484 2732 fuerit,
507 2653 650 2718 madefac
676 2653 752 2718 illud
778 2653 878 2742 digito
902 2662 957 2719 tuo
985 2676 1023 2718 ex
1050 2654 1147 2716 saliva
1170 2653 1202 2716 in
1225 2653 1307 2732 loco,
1329 2653 1385 2716 ubi

288 2754 406 2818 serrum
428 2776 596 2840 posueras;
620 2779 685 2843 qno
707 2758 813 2822 statim
835 2760 922 2836 fisso,
945 2756 1119 2821 secundum
1141 2755 1228 2842 quod
1244 2755 1384 2820 dividere

289 2857 435 2936 volueris,
462 2857 550 2922 trahe
581 2859 697 2924 ferrum
729 2870 760 2925 et
786 2859 899 2926 fissuris
924 2867 1082 2947 sequetur.
1129 2856 1286 2922 Omnibus
1310 2879 1384 2924 vero

289 2958 432 3044 partibus
456 2959 500 3023 ita
522 2961 640 3042 divisis,
663 2963 771 3049 accipe
791 2963 967 3049 grosarium
983 2961 1111 3040 ferrum,
1126 2959 1212 3048 quod
1227 2961 1269 3024 sit
1283 2961 1385 3046 longi·

290 3060 402 3125 tudine
417 3061 509 3125 unius
524 3064 631 3148 palmi,
649 3073 783 3152 utroque
803 3065 905 3151 capite
924 3086 1098 3143 recurvum,
1112 3085 1185 3128 cnm
1200 3086 1265 3151 quo
1280 3085 1386 3150 aequa-

290 3162 341 3226 bis
363 3172 395 3227 et
417 3165 591 3254 conjunges
614 3188 725 3232 omnes
750 3177 866 3254 partes,
889 3189 1145 3255 unamquamque
1169 3166 1201 3230 in
1223 3189 1282 3231 suo
1303 3167 1385 3231 loco.

292 3263 353 3330 His
375 3267 418 3332 ita
441 3269 625 3358 compositis
648 3271 755 3357 accipe
780 3271 916 3335 colorem
939 3292 1014 3336 curn
1037 3291 1101 3356 quo
1121 3269 1234 3334 vitrum
1256 3269 1387 3356 pingere

291 3369 400 3452 debes,
416 3395 510 3459 quem
526 3372 581 3436 tali
597 3373 692 3437 modo
708 3395 890 3460 compones

621 3935 860 4030 CAPUT
918 3934 1058 4029 XIX

470 4159 514 4201 DE
536 4159 669 4202 COLORE
691 4157 764 4201 CUM
788 4158 858 4208 QUO
881 4157 1016 4200 VITRUM
1041 4155 1214 4199 PINGITUR.

295 4308 490 4462 TOLLE
514 4332 644 4396 cuprum
670 4315 762 4374 tenue
785 4331 978 4394 percussum,
1001 4308 1190 4372 comburens
1212 4307 1243 4368 in
1260 4306 1390 4390 parvula

415 4414 530 4498 patella
553 4414 652 4477 ferrea
667 4413 768 4476 donec
791 4413 893 4498 pulvis
915 4413 1043 4476 omnino
1060 4410 1110 4488 sit,
1126 4417 1158 4472 et
1172 4408 1279 4493 accipe
1293 4407 1391 4492 parti-
