3220 5138
297 491 340 555 44
664 515 855 562 rasorurnr
879 517 981 562 trena
1005 517 1026 564 r.

297 665 371 730 inde
386 666 519 729 tortulas
533 665 566 729 in
581 666 816 732 similitudinem
831 669 933 754 panis,
950 669 1138 756 mittensque
1153 691 1207 732 eas
1227 667 1259 730 in
1275 668 1390 752 ignem,

297 767 365 831 sine
386 767 488 831 donec
510 767 641 832 omuino
670 768 874 834 candescant.
922 768 1099 856 Postquam
1121 778 1195 834 ante
1216 767 1391 833 diutissime

297 867 492 948 canduerint,
507 876 540 932 et
562 877 673 954 postea
687 869 861 956 friguerint,
878 870 968 936 mitte
990 871 1064 935 inde
1080 871 1248 958 partemin
1263 893 1321 934 vas
1335 872 1391 934 fie-

296 970 361 1049 tile,
370 969 930 1058 perfimdensurindmtmoveligno.
959 971 1105 1059 &umque
1116 971 1267 1038 resederit
1277 971 1391 1050 lucide,

297 1071 451 1156 perstando
472 1071 547 1136 inde
568 1073 701 1138 rubeum
723 1072 845 1152 lolium,
867 1081 900 1138 et
924 1082 1029 1138 terens
1051 1074 1127 1138 illud
1152 1073 1276 1138 modice
1297 1093 1392 1158 super

298 1172 447 1260 lapidem,
470 1173 553 1238 adde
570 1173 600 1238 ei
617 1181 764 1261 quartam
781 1182 904 1260 partem
919 1174 998 1238 vivas
1013 1175 1119 1254 calcis,
1134 1183 1167 1240 et
1189 1197 1262 1240 cum
1282 1175 1392 1238 tritum

298 1273 391 1340 l'uerit
404 1295 441 1339 ac
456 1274 647 1340 sufficienter
658 1274 829 1362 perfusum,
840 1275 912 1340 cola
927 1275 1003 1340 illud
1019 1297 1075 1360 per
1090 1297 1241 1361 pannum,
1256 1284 1289 1340 et
1302 1275 1392 1340 trahe

297 1397 371 1440 cum
386 1375 518 1461 pincello
532 1375 588 1440 ubi
602 1376 739 1441 volueris
753 1385 859 1456 teum,
873 1377 987 1441 deinde
1002 1377 1143 1462 spissius.
1188 1377 1233 1441 Et
1248 1377 1274 1442 si
1289 1376 1393 1463 placet

297 1476 532 1542 similitudinem
562 1478 649 1563 pallii
673 1479 706 1542 in
729 1477 846 1566 pagina
867 1478 970 1543 facere
993 1499 1150 1565 purpureo
1172 1477 1257 1558 lolio,
1279 1477 1391 1543 eodem

296 1587 545 1664 temperamento
567 1580 634 1646 sine
655 1580 742 1645 calce
764 1579 902 1665 per-mse,
924 1580 1019 1666 pinge
1042 1579 1147 1664 pennd
1169 1581 1254 1666 prius
1275 1579 1309 1644 in
1323 1579 1392 1666 ipsa

297 1680 415 1768 pagina
436 1680 538 1746 nodos
559 1681 609 1746 vel
630 1681 774 1762 circulos,
797 1689 830 1745 et
851 1681 981 1746 interius
995 1685 1086 1744 'aves
1112 1680 1177 1745 sive
1199 1681 1316 1745 bestias
1338 1690 1393 1744 aut

299 1783 394 1863 lolia3
416 1791 535 1846 etcum
553 1783 672 1846 siccum
696 1782 800 1860 fauerit,
815 1783 906 1848 linies
925 1805 981 1870 per
1002 1783 1110 1847 omnia
1135 1783 1267 1848 rubeum
1282 1782 1391 1848 folium

299 1893 403 1962 tenue,
426 1881 540 1948 deinde
561 1883 701 1970 spissius,
726 1892 759 1949 et
782 1885 876 1949 tertio
898 1883 925 1948 si
951 1886 993 1949 sit
1010 1907 1110 1972 opus;
1132 1905 1171 1949 ae
1188 1885 1391 1971 postmodum

299 1986 389 2050 linies
404 1985 538 2070 desuper
553 1994 648 2050 tenue
656 1995 745 2050 retus
756 1986 886 2066 clarum,
901 1986 969 2050 sine
980 2008 1063 2073 aqua
1074 2007 1266 2073 percussum.
1313 1985 1392 2050 Pur-

300 2109 431 2175 pureum
451 2087 561 2152 folium
583 2096 616 2153 et
633 2087 813 2174 saphireum
832 2109 898 2151 non
921 2096 1013 2168 teres,
1032 2087 1088 2152 sed
1105 2088 1260 2173 perfunde
1280 2089 1392 2152 eodem

299 2198 546 2275 temperamento
565 2191 597 2255 in
618 2189 742 2256 concha
770 2188 838 2253 sine
857 2189 956 2268 ealce,
977 2196 1010 2253 et
1035 2209 1127 2253 move
1145 2187 1243 2274 ligno,
1265 2198 1297 2252 et
1319 2211 1392 2254 cunr

300 2313 356 2378 per
393 2301 520 2357 noctem
549 2293 679 2371 steterit,
713 2291 746 2355 in
772 2289 943 2354 crastinum
976 2312 1060 2376 pone
1096 2291 1394 2378 quomodocumque

299 2395 435 2459 volueris
448 2394 539 2460 linies
560 2395 645 2460 claro
668 2393 820 2479 superius.
866 2391 1065 2456 Vestimenta
1086 2413 1215 2476 quoque
1235 2400 1268 2456 et
1285 2391 1393 2458 omnia

299 2520 370 2586 qua
384 2497 459 2561 folio
473 2505 506 2562 et
524 2497 644 2562 carmin
665 2496 813 2583 pinxeris,
836 2495 921 2558 claro
942 2492 1135 2578 superlinies.
1180 2491 1311 2559 Cineres
1336 2515 1393 2559 au·

198 2645 204 2656 ·
300 2611 364 2664 tem
379 2609 499 2680 coctos,
512 2598 568 2686 qui
582 2596 797 2676 remanserint,
813 2615 938 2660 serrare
952 2594 1007 2692 diu
1022 2595 1140 2682 poteris
1154 2595 1264 2661 siccos.

572 3028 809 3150 CAPUT,
865 3025 1114 3126 XXXVI.

720 3249 767 3294 DE
789 3245 973 3293 cadonato.

363 3399 377 3463 1
402 3399 560 3464 desideras
585 3399 769 3464 cenobrium
791 3417 990 3482 componere,
1020 3395 1110 3460 tolles
1135 3393 1276 3478 sulphur,
1301 3395 1393 3480 cujus

381 3510 456 3565 sunt
469 3502 528 3566 tria
545 3521 671 3586 genera,
687 3501 806 3580 album,
821 3497 948 3584 nigrum
973 3505 1006 3561 et
1026 3517 1184 3575 croceum,
1198 3495 1284 3581 quod
1308 3495 1394 3558 fran-

299 3622 379 3686 gens
393 3623 487 3688 super
501 3601 638 3688 lapidem
658 3601 788 3680 siccum,
803 3600 886 3665 adde
905 3599 934 3662 ei
956 3599 1036 3662 duas
1056 3607 1161 3683 partes
1177 3597 1240 3660 vivi
1260 3598 1393 3683 argenti,

299 3724 391 3789 aequo
405 3702 545 3790 pondere
559 3711 684 3766 stateras
694 3727 704 3781 ;
727 3709 849 3766 etcum
869 3699 1049 3786 diligentius
1069 3697 1240 3777 miscueris,
1256 3699 1346 3762 mitte
1360 3699 1393 3762 iu

298 3805 430 3869 vitream
445 3804 625 3890 ampullam,
640 3803 824 3889 cooperiens
846 3823 917 3866 eam
935 3823 976 3866 ex
996 3801 1083 3865 omni
1109 3810 1199 3886 parte
1219 3799 1340 3884 argilla,
1361 3807 1394 3863 et

300 3927 337 3970 os
351 3905 490 3984 obstrue,
505 3927 545 3969 ne
559 3905 665 3969 firmius
680 3912 782 3985 exeat,
794 3912 828 3969 et
841 3924 924 3989 poue
938 3925 1010 3968 earn
1024 3903 1065 3966 ad
1076 3904 1183 3989 ignem
1199 3910 1236 3965 ut
1249 3902 1392 3966 siccetur.

300 4007 426 4072 Deinde
452 4029 535 4092 pone
564 4027 635 4070 eam
658 4005 740 4070 inter
775 4006 930 4070 carbones
965 4005 1121 4084 ardentes,
1145 4012 1177 4067 et
1208 4023 1285 4067 mox
1319 4024 1392 4067 cum

299 4109 429 4195 coeperit
442 4106 588 4187 calefieri,
603 4107 712 4171 audies
726 4107 886 4194 fragorem
904 4106 1044 4185 interius,
1059 4104 1221 4193 quomodo
1236 4125 1271 4168 se
1285 4103 1392 4168 vivum

299 4219 464 4297 argentum
498 4208 683 4274 commiscet
712 4209 836 4274 ardenti
858 4207 1017 4293 sulphuri;
1051 4217 1084 4272 et
1107 4229 1181 4272 cum
1201 4225 1300 4270 sonus
1323 4227 1392 4270 ees-

300 4315 425 4393 saverit,
439 4311 546 4378 statim
561 4309 639 4396 ejice
654 4311 826 4396 ampullam
841 4317 874 4374 et
888 4309 1030 4395 aperiens
1045 4309 1120 4373 tolle
1135 4309 1283 4374 colorem.
