3236 5144
283 503 349 567 206
554 523 729 566 Pnunoor's
754 525 788 566 rs
815 525 947 567 nranuu
971 524 1135 568 rsarrun.

280 679 396 758 rietes
415 685 469 747 est
487 679 644 770 paradysi
672 680 826 771 species3
853 679 879 748 si
905 677 1047 748 luminis
1069 678 1319 748 abundantiam
1340 701 1384 748 ex

280 794 443 864 fenestris
461 795 628 874 irrtuetun
647 793 920 864 inestimabilem
937 795 1017 862 vitri
1034 795 1197 864 decorem
1215 802 1254 864 et
1270 795 1384 886 operis

278 910 522 1002 pretiosissimi
542 911 749 980 varietatem
767 911 927 980 miratur.
983 910 1086 992 Quod
1104 912 1134 980 si
1152 908 1243 982 forte
1261 909 1385 980 Domi-

278 1027 365 1096 nicae
392 1026 566 1096 Passionis
592 1026 745 1120 effigiem
778 1025 993 1098 liniamentis
1022 1049 1224 1120 expressam
1250 1027 1384 1118 conspi-

279 1150 381 1212 catur
396 1142 510 1212 fidelis
527 1144 654 1224 anima,
680 1144 951 1236 compungitur;
978 1145 1007 1215 si
1030 1153 1162 1236 quanta
1177 1143 1290 1214 sancti
1307 1166 1385 1235 per·

279 1255 426 1328 tulerint
452 1258 488 1326 in
515 1259 585 1329 suis
613 1260 815 1352 corporibus
841 1261 1064 1340 cruciamina,
1083 1266 1285 1350 quantaque
1302 1259 1383 1326 vitae

279 1381 416 1444 aeternae
442 1376 665 1467 perceperint
692 1375 835 1467 praemia
853 1375 1035 1468 conspicit,
1054 1376 1134 1444 vitae
1151 1373 1305 1445 melioris
1322 1375 1383 1444 ob·

279 1491 490 1560 servantiam
521 1492 666 1584 arripit;
701 1492 729 1560 si
764 1499 897 1582 quanta
931 1500 1014 1562 sunt
1048 1491 1085 1560 in
1115 1488 1211 1560 coelis
1245 1490 1382 1582 gaudia,

280 1615 481 1698 quantaque
508 1609 544 1676 in
574 1609 734 1677 tartareis
765 1606 916 1676 flammis
945 1609 1185 1676 cruciamenta
1214 1606 1381 1686 intuetur,

280 1744 342 1814 spe
360 1722 522 1794 debonis
540 1721 631 1794 suis¹
651 1725 836 1806 animatur,
853 1733 889 1792 et
909 1723 952 1794 de
970 1731 1195 1814 peccatorum
1210 1721 1382 1792 consider-

281 1839 400 1908 atione
418 1839 605 1908 formidine
622 1841 833 1909 concutitur.

335 2130 412 2224 Age
440 2151 523 2223 ergo
551 2152 653 2210 nune,
673 2130 725 2197 vir
750 2129 852 2210 bone,
873 2129 958 2200 felix
985 2131 1078 2222 apud
1107 2130 1227 2200 Deum
1256 2139 1292 2200 et
1323 2130 1383 2200 ho-

281 2248 395 2317 mines
425 2246 463 2313 in
489 2244 555 2314 hac
585 2245 667 2326 vita,
699 2244 834 2315 felicior
859 2247 895 2314 in
922 2246 1049 2326 futura,
1074 2250 1173 2340 cujus
1197 2246 1316 2316 labore
1346 2255 1383 2316 et

282 2362 400 2433 studio
419 2359 499 2432 Deo
512 2370 567 2431 tot
582 2360 796 2431 exhibentur
813 2360 1025 2442 holocausta
1040 2362 1199 2454 ampliori
1218 2364 1383 2454 deinceps

281 2479 473 2550 accendere
504 2473 671 2560 sollertia,
690 2489 727 2546 et
757 2499 834 2568 quac
853 2477 968 2546 adhuc
995 2479 1122 2548 desunt
1148 2479 1184 2547 in
1210 2479 1382 2549 utensiliis

283 2596 408 2666 domus
435 2593 591 2676 Domini,
618 2595 661 2664 ad
695 2594 911 2686 explendum
935 2595 1127 2686 aggredere
1149 2603 1228 2664 toto
1254 2595 1382 2664 mentis

284 2711 478 2792 conamine,
515 2712 588 2782 sine
620 2712 746 2802 quibus
776 2710 894 2779 divina
925 2710 1090 2802 mysteria
1121 2718 1158 2779 et
1189 2709 1382 2779 officiorum

283 2827 477 2896 ministeria
506 2850 577 2897 non
612 2827 731 2896 valent
761 2826 962 2896 consistere.
1015 2825 1107 2896 Sunt
1136 2835 1258 2896 autem
1289 2825 1381 2895 baec:

284 2939 429 3021 Calices,
448 2938 674 3022 Candelabra,
702 2941 904 3022 Thuribula,
927 2940 1113 3032 Ampulla,
1143 2940 1260 3022 Urcei,
1286 2963 1383 3010 sanc-

283 3064 400 3124 torum
418 3056 603 3147 pignerum
617 3055 761 3136 Scrinia,
774 3053 913 3137 Cruces,
933 3053 1095 3125 Plenaria
1108 3065 1145 3126 et
1157 3065 1292 3138 caetera,
1306 3080 1382 3148 quae

283 3171 318 3239 in
337 3193 440 3240 usum
459 3169 686 3241 ecclesiastici
703 3171 832 3241 ordinis
851 3171 963 3264 poscit
982 3170 1115 3240 utilitas
1134 3173 1335 3241 necessaria.

335 3285 422 3370 Quae
439 3289 467 3359 si
485 3289 536 3358 vis
550 3311 771 3382 componere,
789 3287 856 3357 hoc
874 3289 1018 3379 incipias
1036 3287 1168 3356 ordine.

404 3501 412 3534 ¹
436 3509 453 3536 “
466 3501 590 3559 Actibus
603 3501 618 3524 '¹
634 3501 823 3578 interponitur
837 3501 866 3557 in
882 3499 985 3558 Codice
1003 3499 1261 3578 Guclplrcrbylano.

642 3907 798 3950 EXPLlCl'l'
822 3905 1006 3950 PROLOGVS.
