3168 5140
680 512 871 557 sutorium
898 513 1000 558 LIBER
1024 514 1077 558 lll.

644 995 878 1092 CAPUT
938 995 1128 1092 XCIV.

682 1215 726 1260 ΠΒ
749 1215 934 1260 Poulanms
956 1215 1100 1260 enims.

344 1361 675 1514 CRISTALLUM
693 1365 779 1452 quod
792 1387 877 1452 aqua
892 1365 1006 1432 durata
1021 1365 1052 1428 in
1064 1363 1208 1449 glaciem,
1222 1373 1257 1429 et
1273 1365 1426 1430 multorum

455 1488 610 1532 annorum
626 1468 742 1552 glacies
756 1469 886 1532 duratur
900 1467 933 1530 in
947 1465 1097 1552 lapidem,
1121 1466 1182 1530 hoc
1198 1468 1301 1532 modo
1317 1468 1428 1530 limatur

341 1577 373 1632 et
396 1571 520 1656 politur.
578 1570 668 1634 Tolle
692 1569 923 1634 confectionem
946 1591 1018 1656 qum
1039 1569 1153 1633 dicitur
1175 1579 1287 1650 tenax,
1318 1571 1358 1634 de
1376 1591 1427 1656 qua

341 1673 555 1758 supradictum
576 1683 634 1751 est,
656 1671 894 1760 adhibitumque
915 1671 980 1758 igni
1000 1672 1102 1736 donec
1123 1671 1280 1758 liquefiat,
1304 1671 1428 1738 consoli·

340 1775 432 1839 dabis
447 1776 640 1840 christallum
653 1777 694 1840 nd
710 1776 829 1862 lignum
846 1777 976 1862 longum
988 1775 1074 1862 quod
1090 1775 1118 1838 ei
1134 1775 1235 1839 simile
1244 1776 1291 1840 sit
1307 1777 1337 1840 in
1353 1797 1428 1862 gros·
1525 1765 1526 1778 ¹

341 1878 486 1942 situdine.
542 1878 638 1954 Quod
663 1901 734 1942 cum
762 1879 978 1962 refrigeratum
1006 1877 1100 1941 fuerit
1125 1877 1268 1964 utrisque
1297 1877 1428 1942 manibus

341 1979 468 2042 fricabis
490 2001 583 2064 super
606 1980 742 2066 lapidem
765 1981 931 2044 sabuleum
955 1981 1079 2060 durum,
1095 1979 1205 2046 additi
1227 1981 1319 2067 aqud
1341 1981 1428 2043 donec
1526 2022 1527 2044 r

341 2080 473 2144 formam
496 2081 632 2166 accipiat
650 2103 746 2168 quain
763 2082 790 2144 ci
806 2084 882 2146 dure
898 2081 1042 2160 volueris,
1065 2081 1179 2146 deiude
1196 2105 1294 2168 super
1309 2083 1427 2147 alteram

341 2183 477 2268 lapidem
503 2183 644 2270 ejusdem
669 2186 793 2270 generis
816 2185 870 2272 qui
891 2185 932 2250 sit
954 2185 1098 2250 subtilior
1113 2197 1145 2248 et
1164 2187 1320 2272 aeqnalior
1341 2187 1429 2248 donec

342 2287 471 2352 omnino
487 2309 611 2374 aequum
630 2289 695 2350 fiat.
742 2287 785 2350 Et
799 2287 958 2373 accipiens
978 2287 1118 2352 tabulam
1138 2288 1323 2373 plumbeam
1338 2309 1429 2374 mqua-

343 2392 415 2468 lem,
425 2413 507 2476 pone
523 2413 616 2476 snper
632 2411 702 2454 eam
718 2390 858 2476 tegulam
874 2389 1037 2454 humidam
1054 2413 1149 2476 quarn
1166 2413 1237 2454 cum
1255 2393 1355 2456 saliva
1371 2391 1430 2453 frio

342 2493 411 2558 abis
435 2515 529 2580 super
548 2503 651 2557 cotem
675 2492 798 2569 duram,
822 2501 917 2578 atque
938 2493 1072 2578 desuper
1093 2493 1193 2578 polies
1214 2495 1320 2580 ipsum
1346 2493 1430 2558 chris·

341 2596 463 2674 tallurn,
493 2595 595 2659 donec
624 2595 778 2680 fulgorem
801 2595 947 2680 accipiat.
1007 2595 1058 2658 Ad
1081 2596 1224 2660 ultimum
1253 2602 1328 2662 vero
1351 2615 1432 2680 super

344 2697 508 2782 hyrcinurn
540 2699 660 2761 corium
693 2718 758 2760 non
788 2697 989 2783 denigratum
1024 2720 1126 2786 neque
1155 2713 1298 2776 unctum,
1329 2695 1432 2760 sedin
1522 2753 1528 2766 .

344 2799 431 2884 ligno
462 2807 587 2861 tensum
611 2809 643 2862 et
665 2797 763 2862 clavis
795 2797 924 2862 inferius
950 2801 1092 2879 affixum,
1124 2799 1306 2865 fncaturam
1330 2798 1433 2884 tegula

345 2923 427 2986 pone
442 2901 542 2966 salivd
552 2901 727 2978 humidam,
738 2909 770 2964 et
779 2900 915 2986 desuper
929 2901 1096 2986 diligenter
1104 2901 1190 2979 frica,
1199 2901 1302 2965 donec
1313 2898 1433 2964 omnini
1527 2949 1528 2952 ,

345 3000 482 3064 lucidum
499 3003 563 3066 liat.
610 3003 706 3078 Quod
723 3003 750 3066 si
766 3003 964 3066 christallum
983 3005 1124 3088 sculpere
1139 3003 1287 3077 volueris,
1312 3009 1434 3085 accepto

346 3105 444 3190 lryrco
467 3103 598 3167 duorum
617 3104 663 3168 vel
679 3105 772 3168 trium
790 3127 957 3183 annorum,
980 3105 1197 3192 colligatisque
1216 3105 1350 3190 pedibus
1365 3105 1433 3188 ejus,

346 3207 448 3271 incide
460 3207 602 3271 foramen
619 3205 701 3271 inter
716 3217 827 3292 pectus
842 3207 910 3292 ejus
926 3217 957 3270 et
973 3217 1122 3286 ventrem,
1145 3209 1176 3270 in
1192 3207 1263 3271 loco
1278 3205 1391 3282 cordis,
1407 3209 1436 3265 et

346 3311 473 3396 impone
488 3309 691 3387 christallum,
705 3309 749 3373 ita
764 3319 800 3372 ut
814 3309 847 3372 in
863 3309 1018 3394 sanguine
1032 3311 1102 3395 ejus
1112 3309 1228 3394 jaceat,
1239 3309 1342 3372 donec
1357 3306 1434 3370 cale·

347 3413 413 3476 liat.
458 3412 554 3487 Quod
572 3435 646 3478 mox
663 3412 791 3498 ejiciens
809 3413 911 3476 incide
927 3413 959 3476 in
975 3413 1113 3498 eoquod
1130 3411 1273 3488 volueris,
1288 3408 1434 3496 quamdiir

345 3514 433 3576 calor
455 3513 505 3577 ille
520 3514 623 3592 durat,
646 3525 764 3578 etcum
788 3516 904 3600 ceperit
927 3513 1126 3600 refrigescere
1148 3523 1242 3599 atque
1264 3513 1435 3588 durescere,

347 3635 468 3676 rursum
491 3637 607 3700 repone
627 3616 658 3678 in
683 3617 836 3702 sanguine
858 3616 957 3702 hyrci,
979 3616 1229 3702 calefactuurque
1244 3615 1349 3680 denuo
1366 3613 1435 3700 ejice

346 3725 378 3778 et
392 3713 504 3792 incide,
527 3714 636 3800 sicque
652 3717 748 3781 facies
769 3719 870 3782 donec
894 3719 1087 3804 sculpturam
1110 3719 1287 3804 compleas3
1310 3719 1353 3780 ad
1369 3716 1436 3780 ulti-

348 3837 433 3882 mum
449 3819 522 3880 vero
542 3817 730 3882 calefactum
746 3831 778 3884 et
793 3822 927 3906 ejectum
947 3844 1019 3884 cum
1036 3843 1143 3906 panno
1158 3822 1249 3885 laneo
1264 3820 1392 3884 fricabis
1406 3827 1437 3880 ut

345 3943 418 3986 curn
434 3919 546 3984 eodem
570 3921 724 4007 sanguine
740 3921 767 3985 ei
785 3923 939 4006 fulgorem
962 3923 1116 4010 acquiras.
1162 3921 1196 3984 Si
1211 3932 1315 3985 autem
1339 3923 1437 3986 nodos

345 4027 447 4090 facere
477 4023 613 4087 volueris
643 4047 682 4090 ex
717 4025 888 4102 clrristallo,
906 4025 959 4111 qui
991 4025 1111 4090 baculis
1142 4025 1363 4110 episcoporum
1391 4024 1436 4088 vel

344 4128 453 4192 caudoe
475 4125 570 4190 labris
593 4127 716 4210 possint
744 4127 863 4211 inponi,
893 4127 954 4191 hoc
975 4129 1070 4192 modo
1099 4127 1272 4212 perforabis
1293 4149 1367 4207 e0s;
1391 4126 1436 4189 fac

344 4231 399 4294 tibi
426 4231 507 4292 duos
535 4229 664 4292 nialleos
691 4250 837 4292 mensura
865 4227 994 4294 minoris
1021 4231 1110 4316 digiti
1143 4253 1281 4314 grossos,
1306 4239 1338 4294 et
1363 4233 1437 4316 pene

345 4332 437 4416 palmi
456 4353 601 4394 mensura
616 4332 740 4416 longos,
760 4340 791 4394 et
808 4331 838 4395 in
857 4341 987 4417 ntmqua
1004 4333 1184 4396 summitate
1201 4329 1293 4396 valde
1309 4333 1437 4417 graciles

344 4443 375 4496 et
391 4433 469 4496 bene
481 4433 645 4496 cnlihntos.
691 4433 837 4519 Cumque
852 4435 968 4497 nodum
987 4436 1171 4500 formaveris
1185 4437 1287 4499 incide
1308 4436 1339 4498 in
1354 4435 1436 4520 ligno
