3236 5144
389 1039 651 1124 INCIPIT
703 1039 909 1124 LIBER
961 1038 1260 1124 TERTIUS.

674 1539 903 1636 CAPUT
974 1541 1012 1634 L

560 1763 605 1805 DE
628 1760 906 1806 CONSTRUCTIONB
930 1759 1095 1805 FABRIOAE.

397 1907 557 1973 DIFICA
577 1909 633 1974 tibi
654 1911 785 1974 domum
805 1910 978 1996 spatiosam
996 1919 1029 1974 et
1044 1909 1154 1989 altam,
1170 1909 1261 1994 cujus
1276 1908 1377 1993 longi-

425 2010 501 2074 tudo
517 2011 557 2074 ad
574 2011 726 2076 orientem
741 2011 901 2092 tendatur,
916 2012 948 2076 in
964 2013 1054 2098 cujus
1069 2013 1187 2098 pariete
1203 2011 1376 2074 meridiano

278 2113 374 2178 facies
400 2112 553 2178 fenestras
579 2123 657 2199 quot
684 2113 822 2177 volueris
852 2124 884 2180 et
914 2115 1027 2200 possis,
1053 2115 1099 2179 ita
1129 2121 1163 2178 ut
1192 2115 1274 2177 inter
1296 2113 1377 2178 duas

277 2214 430 2280 fenestras
459 2215 599 2303 quinque
634 2216 731 2301 pedes
767 2215 839 2280 sint.
888 2215 1004 2280 Divide
1040 2225 1145 2280 autem
1176 2215 1377 2278 medietatem

277 2318 392 2382 domus
415 2318 456 2382 ad
479 2341 558 2404 opus
581 2319 671 2383 fusile
694 2318 937 2398 faciendumst
959 2339 1091 2404 cuprum
1114 2339 1151 2382 ao
1174 2327 1323 2403 stagnum
1345 2327 1378 2382 et

277 2421 441 2506 plumbum
471 2422 678 2508 operandum,
706 2443 772 2486 uno
807 2421 925 2506 pariete
961 2442 1061 2508 usque
1090 2420 1131 2484 ad
1162 2419 1377 2484 summitatem

277 2523 462 2604 altitudinis,
478 2534 511 2589 et
525 2546 647 2588 rursum
662 2525 767 2589 divide
782 2525 869 2611 quod
889 2523 1044 2609 reliquum
1065 2531 1114 2586 est
1133 2522 1245 2586 induo
1265 2523 1299 2585 in
1313 2543 1376 2586 uno

278 2625 408 2711 pariete,
421 2627 462 2690 ad
475 2627 670 2713 operandum
685 2627 717 2690 in
732 2649 797 2690 una
812 2636 900 2712 parte
912 2647 1033 2704 aurum,
1043 2625 1076 2688 in
1088 2626 1186 2689 altera
1200 2632 1376 2710 argentum.

280 2725 439 2793 Fenestrae
459 2751 533 2794 vero
557 2751 622 2794 non
645 2730 805 2794 emineant
824 2729 917 2792 altius
939 2748 958 2790 a
978 2737 1060 2791 terra
1080 2749 1176 2813 quam
1200 2748 1263 2790 uno
1286 2725 1376 2812 pede,

278 2850 411 2914 querum
427 2830 561 2897 altitudo
578 2833 618 2896 sit
633 2831 730 2895 trium
745 2831 873 2917 pedum,
889 2829 1023 2894 latitudo
1038 2829 1182 2893 duorum.

645 3267 874 3366 CAPUT
932 3271 1005 3364 IL

625 3491 670 3533 DE
693 3491 779 3534 SEDE
802 3489 1035 3534 OPERANTIUM.

282 3637 519 3790 DEINDE
541 3639 615 3702 fode
636 3639 755 3704 fossam
777 3649 851 3704 ante
869 3640 1052 3719 fenestram,
1067 3661 1087 3702 a
1102 3639 1219 3726 pariete
1234 3639 1377 3704 fenestrae

405 3741 485 3827 pede
514 3751 546 3804 et
574 3740 716 3820 dimidio,
746 3763 817 3827 quae
848 3741 945 3804 stabit
973 3741 1007 3805 in
1036 3751 1226 3820 transverso,
1256 3742 1377 3806 habens

278 3843 481 3930 longitudinis
502 3844 598 3907 trium
619 3845 747 3930 pedum,
768 3843 942 3908 latitudinis
958 3844 1103 3923 duorum,
1119 3866 1215 3931 quam
1236 3853 1324 3908 tenes
1345 3843 1378 3906 in

277 3945 408 4009 circuitu
428 3945 533 4032 lignis,
549 3969 685 4035 quorum
705 3946 864 4032 lignorum
885 3945 949 4010 duo
969 3945 1003 4009 in
1023 3945 1129 4010 medio
1150 3954 1260 4009 contra
1275 3944 1377 4009 fenes-

277 4056 358 4112 tram
382 4051 556 4134 procedant
578 4073 598 4114 a
621 4049 706 4114 fosse
732 4049 897 4113 altitudine
922 4047 1044 4112 dimidii
1069 4047 1168 4134 pedis,
1191 4069 1285 4133 super
1306 4069 1377 4135 quae

273 4150 427 4237 jungatur
443 4153 550 4218 discus
565 4175 646 4217 unus
661 4153 717 4240 qui
731 4151 893 4238 cooperiat
911 4173 1015 4238 genua
1033 4151 1208 4216 sedentium
1228 4150 1260 4212 in
1280 4149 1377 4226 fossa,

277 4255 442 4320 latitudine
469 4256 604 4320 duorum
631 4255 757 4340 pedum,
783 4255 979 4339 longitudine
1008 4254 1113 4331 trium,
1139 4253 1172 4316 in
1198 4261 1377 4318 transverso

277 4379 370 4442 super
401 4358 530 4438 fossam,
562 4359 606 4420 ite
639 4355 779 4444 aequelis,
809 4365 844 4419 ut
874 4355 1023 4443 quiequid
1056 4355 1202 4420 minutim
1233 4355 1299 4418 auri
1329 4353 1378 4416 vel

277 4461 398 4544 argenti
415 4461 549 4546 desuper
564 4458 723 4538 ceciderit,
739 4459 840 4544 possit
855 4458 1021 4543 diligenter
1038 4461 1170 4546 scopari.
