3236 5144
307 453 372 519 282
660 469 852 516 rusorum
877 469 981 514 urana
1004 471 1056 514 111.

307 622 436 703 cineras,
454 622 480 688 si
499 623 579 687 sorte
601 621 881 710 superceciderint3
905 619 1086 708 habeatque
1107 621 1212 708 ipsum
1231 623 1349 686 sermm
1372 623 1405 686 in

307 725 411 789 medio
434 724 575 810 superius
599 724 725 788 brevem
748 724 911 800 annulum,
934 745 1007 786 cum
1029 745 1093 809 quo
1118 733 1350 810 superponatur
1372 735 1407 789 et

306 829 453 892 elevetur.
499 827 573 902 Quo
597 827 681 892 facto
708 848 864 912 compone
890 826 1045 890 carbones
1068 847 1202 912 magnos
1224 836 1257 891 et
1277 828 1404 912 longos,

306 929 476 994 incendens
491 929 560 994 illos
571 929 681 1010 valde;
705 929 786 993 inter
800 951 880 1015 quos
896 928 992 992 facies
1004 929 1109 992 locum
1125 937 1157 993 et
1170 929 1312 1017 aequabis
1327 951 1404 994 cum

305 1031 411 1117 ligneo
436 1033 560 1112 malleo,
587 1033 619 1096 in
644 1053 740 1119 quem
770 1031 910 1096 elevatur
939 1030 1054 1094 sermm
1085 1053 1141 1117 per
1166 1033 1301 1096 caudam
1327 1054 1403 1096 cum

306 1133 443 1220 forcipe;
465 1134 509 1198 ita
524 1143 559 1197 ut
570 1141 755 1220 coopertum
767 1133 938 1198 collocabis
949 1132 1127 1219 diligenter,
1139 1141 1235 1220 atque
1247 1135 1404 1198 carbones

306 1236 338 1299 in
356 1235 519 1300 circuitum
539 1257 711 1321 compones
731 1243 763 1300 et
782 1257 905 1300 sursum
926 1257 966 1300 ex
986 1235 1074 1298 omni
1094 1245 1193 1322 parte,
1208 1243 1405 1322 acceptoque

305 1338 379 1402 folle
408 1338 547 1426 utrisque
581 1336 727 1401 manibus
762 1337 900 1424 undique
937 1338 1078 1402 sufflabis
1113 1339 1215 1403 donec
1248 1338 1404 1412 carbones

304 1440 465 1528 aequaliter
479 1441 620 1506 ardeant.
666 1437 795 1504 Habeas
809 1439 906 1504 etiam
921 1440 1004 1503 alam
1020 1440 1175 1526 integram
1191 1441 1318 1519 anseris,
1334 1441 1403 1506 sive

305 1541 432 1607 alterius
447 1543 514 1606 aris
529 1563 664 1628 magnas,
677 1563 748 1629 quae
763 1542 803 1606 sit
818 1549 949 1606 extensa
964 1549 996 1606 et
1010 1542 1097 1629 ligno
1112 1543 1212 1629 ligata
1220 1569 1228 1624 ;
1252 1564 1324 1606 cum
1336 1565 1402 1629 qua

305 1645 470 1710 ventilabis
493 1653 526 1710 et
548 1643 641 1708 flabis
665 1643 785 1708 sortiter
807 1665 846 1708 ex
872 1645 960 1708 omni
984 1652 1082 1730 parte,
1105 1644 1207 1710 donec
1230 1643 1402 1730 perspicias

305 1747 387 1812 inter
410 1747 564 1813 curbones
587 1755 623 1811 ut
647 1747 802 1812 foramina
827 1746 900 1812 ferri
923 1747 1052 1812 interius
1078 1748 1208 1812 omnino
1232 1749 1401 1826 candeant,

305 1850 413 1937 sicque
438 1848 514 1914 flare
540 1849 689 1914 cessabis.
736 1847 918 1935 Expectans
944 1871 1018 1914 vero
1043 1851 1133 1937 quasi
1161 1847 1291 1913 dimidia
1321 1849 1402 1914 hora

304 1951 514 2036 discooperies
536 1950 688 2036 paulatim
713 1951 816 2016 donee
842 1973 951 2016 omnes
978 1951 1132 2016 carbones
1155 1972 1314 2030 amoveas,
1330 1973 1402 2015 rur-

305 2074 437 2140 sumque
458 2053 642 2138 expectabis
662 2053 765 2118 donec
785 2053 940 2118 foramina
962 2051 1034 2115 lerri
1055 2051 1184 2116 interius
1206 2052 1401 2139 nigrescant,

305 2155 411 2242 sicque
426 2154 684 2218 elevans'lerrum
706 2177 762 2240 per
781 2156 926 2234 caudam,
942 2155 987 2218 ita
1002 2163 1186 2239 conpertum
1202 2175 1300 2239 pones
1315 2156 1399 2218 retrd

305 2257 466 2322 fornacem
488 2255 520 2320 in
542 2257 659 2342 angulo
681 2255 784 2321 donec
808 2257 939 2322 omnino
961 2255 1111 2341 frigidum
1134 2255 1200 2318 fiat.
1245 2255 1401 2341 Aperiens

305 2381 379 2422 vero
395 2359 485 2422 tolles
503 2359 654 2422 electrum
677 2367 710 2423 et
730 2359 862 2437 lavabis,
877 2379 1064 2446 rursumque
1078 2357 1224 2443 implebis
1239 2367 1271 2420 et
1285 2356 1401 2420 fundes

304 2460 386 2526 sicut
410 2461 506 2546 prius,
532 2461 639 2548 sicque
665 2461 762 2525 facies
787 2461 889 2526 donec
918 2460 1125 2548 liquefactum
1155 2459 1319 2548 aequaliter
1344 2479 1401 2544 per

304 2563 411 2628 omnia
426 2564 552 2650 plenum
569 2564 618 2628 sit
665 2563 738 2628 Hoc
753 2563 849 2628 modo
864 2562 998 2650 reliquas
1014 2573 1120 2648 partes
1135 2581 1317 2647 compones.

656 3288 887 3386 CAPUT
938 3286 1041 3384 LV.

636 3543 681 3586 DE
703 3541 875 3586 rostanno
899 3540 1063 3585 ELEGTRO.

384 3723 448 3788 UO
479 3723 574 3806 lacto,
601 3725 675 3788 tolle
701 3731 823 3810 partem
847 3745 926 3786 ceree
950 3722 991 3786 ad
1015 3721 1247 3809 longitudinem
1274 3721 1398 3786 dimidii

405 3829 537 3916 pollicis,
553 3830 586 3892 in
607 3850 704 3916 quam
720 3827 844 3913 aptabis
866 3827 1016 3891 electrum
1033 3825 1087 3904 ita,
1102 3835 1138 3890 ut
1159 3847 1232 3890 cera
1247 3847 1286 3889 ex
1309 3825 1399 3889 omni

301 3941 391 4019 parte
418 3932 468 4012 sit,
490 3954 546 4018 per
569 3954 665 4019 quam
688 3953 793 3996 ceram
819 3927 941 3993 tenebis
949 3927 968 3992 ¹.
1016 3927 1143 3992 Deinde
1169 3949 1263 4013 super
1285 3927 1399 3990 duram

301 4045 405 4101 cotem
421 4045 453 4100 et
467 4038 622 4122 aequalem
649 4035 776 4098 fricabis
790 4031 965 4096 diutissime
989 4029 1090 4094 donec
1113 4029 1288 4093 claritatem
1312 4028 1399 4092 acci-

334 4204 341 4234 ¹
358 4211 375 4236 “
385 4213 409 4256 et
428 4205 521 4256 fiimbir
531 4207 607 4270 ipsum
622 4203 732 4253 electrum
751 4217 819 4264 super
829 4201 929 4264 lapidem
944 4199 1063 4248 rabulaum
1080 4199 1192 4260 :equalem
1207 4199 1331 4262 diligenter
1345 4213 1399 4247 eam

299 4303 367 4350 aqua,
379 4289 450 4338 donec
460 4303 541 4338 aurum
552 4287 672 4350 equaliter
681 4291 790 4348 appareat
800 4300 840 4348 per
850 4281 949 4342 omnia‚”
960 4297 987 4330 ex
999 4283 1056 4332 dod.
1070 4281 1168 4344 culpa.
