3220 5138
280 489 324 550 30
641 507 828 550 nnuonnmr
853 507 955 550 ursus
980 508 1002 550 1.

279 678 381 720 aureae
403 658 526 742 petnlae.
572 656 678 733 Quam
701 679 773 722 cum
795 659 967 722 secundum
990 659 1111 723 libitum
1133 667 1222 722 tuum
1245 664 1371 721 attenu-

279 760 390 837 averis,
412 781 452 822 ex
478 781 516 824 ea
537 761 656 826 incides
680 762 797 848 forcipe
821 763 990 847 particulas
1012 771 1147 849 quantas
1172 747 1317 839 volueris,
1341 769 1373 823 et

278 861 352 924 inde
381 861 540 927 ordinabis
570 886 704 928 coronas
734 886 844 928 aureas
873 865 956 928 circa
985 864 1089 950 capita
1122 865 1313 950 regulorum,
1342 875 1374 926 et

279 963 378 1026 stolas
393 973 425 1027 et
439 985 511 1029 oras
527 967 795 1047 vestimentorum,
809 975 843 1030 et
857 976 970 1031 caetera
986 975 1021 1029 ut
1034 966 1168 1030 libuerit.

555 1253 1066 1266 ...Ἠ

604 1465 837 1564 CAPUT
894 1467 1047 1564 XXV

630 1693 675 1736 DE
698 1695 901 1739 mormanno
924 1695 1028 1738 Aun0.

329 1847 598 1912 MPONENDO
623 1871 744 1928 nurum,
759 1851 834 1915 tolle
864 1851 992 1930 clarum,
1020 1849 1104 1936 quod
1136 1848 1303 1934 percutiter
1331 1871 1371 1913 ex

343 1949 490 2034 albugine
506 1951 557 2014 ovi
580 1951 646 2014 sine
668 1973 761 2037 aqua,
777 1961 809 2017 et
829 1953 902 2015 inde
922 1974 995 2016 cum
1011 1951 1144 2037 pincello
1158 1951 1269 2015 leniter
1284 1953 1374 2016 linies

282 2055 387 2116 locum
401 2052 434 2113 in
449 2073 512 2137 quo
528 2053 709 2136 ponendum
725 2064 773 2118 est
787 2076 907 2132 aurum,
923 2064 956 2117 et
972 2053 1074 2117 cauda
1092 2052 1233 2137 ejusdem
1249 2054 1374 2138 pincelli

282 2155 315 2216 in
331 2174 385 2216 ore
400 2163 455 2216 tuo
472 2153 659 2234 madefacta,
674 2156 838 2241 continges
853 2179 951 2218 unum
967 2178 1064 2220 comu
1080 2155 1186 2218 incisoe
1207 2154 1331 2239 petulae,
1344 2163 1376 2216 et

282 2259 327 2321 ita
350 2257 477 2320 elevans
501 2277 574 2319 cnm
596 2277 720 2321 summa
734 2259 899 2322 velocitate
923 2258 1077 2342 impones,
1091 2267 1123 2320 et
1144 2278 1217 2321 cum
1240 2255 1375 2341 pincello

283 2358 433 2447 aequabis
479 2356 528 2422 Ea
550 2357 630 2422 hora
654 2369 778 2445 oporiet
800 2370 832 2422 te
856 2370 990 2424 evento
1014 2380 1135 2438 cavere,
1157 2368 1189 2422 et
1212 2356 1253 2420 ab
1277 2357 1375 2421 halitu
1463 2369 1467 2374 '

284 2460 455 2539 continere,
470 2460 545 2546 quie
559 2460 586 2524 ai
600 2460 735 2541 flaveris,
752 2463 890 2547 petulam
906 2463 1017 2547 perdes
1037 2471 1069 2525 et
1091 2460 1215 2523 difficile
1230 2461 1374 2545 reperies.

284 2563 366 2640 Quae
381 2584 452 2628 cum
476 2565 580 2649 positu
595 2564 687 2628 fuerit
701 2575 733 2628 et
747 2565 874 2644 siccata,
889 2565 927 2644 ei,
943 2565 969 2628 si
984 2563 1128 2640 volueris,
1144 2562 1257 2627 eodem
1280 2563 1377 2626 modo

284 2667 415 2729 alteram
438 2687 624 2751 superpone,
641 2673 673 2730 et
694 2667 818 2730 tertiam
841 2667 992 2744 similiter,
1014 2667 1038 2728 si
1062 2687 1141 2751 opus
1165 2664 1265 2744 fuerit,
1281 2677 1316 2728 nt
1338 2685 1377 2728 eo

284 2768 417 2832 lucidius
446 2791 519 2831 cum
549 2769 644 2832 deute
673 2769 739 2832 sive
768 2791 840 2832 cum
872 2768 975 2854 lapide
1001 2769 1098 2853 polire
1125 2767 1235 2852 possis.
1282 2766 1376 2829 Hanc

283 2873 379 2934 etiam
394 2871 545 2954 petalam,
562 2871 586 2933 si
603 2871 747 2949 volueris,
763 2871 795 2932 in
819 2891 908 2934 muro
931 2879 963 2933 et
985 2869 1123 2954 laqueari
1144 2869 1257 2932 eodem
1280 2869 1377 2931 modo

284 2973 445 3056 imponere
471 2972 595 3056 poteris.
650 2972 745 3046 Quod
770 2973 796 3034 ai
826 2993 937 3034 aurum
962 2992 1026 3033 non
1053 2970 1211 3048 habueris,
1236 2971 1376 3055 petulum

284 3073 389 3160 stagni
404 3073 551 3158 accipies,
566 3094 662 3159 quam
678 3073 739 3136 hoc
754 3072 850 3136 modo
865 3073 970 3135 facies.

591 3317 990 3325 --.—....—-——-—....-—-
1004 3317 1111 3324 --·-——-

501 3559 505 3568 ·
600 3515 832 3613 CAPUT
888 3515 1081 3611 XXVL

657 3737 702 3780 DE
726 3737 857 3782 Panum
879 3737 1013 3781 sunum.

287 3887 544 4040 STAGNUM
557 3890 755 3975 purissimum
767 3890 945 3954 attenuabis
959 3889 1124 3976 diligenter
1135 3909 1229 3972 super
1243 3887 1356 3951 incude
1368 3887 1376 3918 ¹

361 3991 485 4070 malleo,
501 4001 635 4078 quantas
650 4001 682 4056 et
696 4015 792 4079 quam
808 4004 917 4056 tenues
938 4002 1043 4078 partes
1059 3991 1200 4054 volueris.
1247 3989 1376 4053 Etcum

286 4095 516 4181 aliquantulum
538 4095 692 4159 attenuari
715 4097 877 4182 coeperint,
900 4095 1049 4181 purgabis
1072 4116 1125 4158 eas
1147 4095 1178 4156 in
1201 4114 1265 4156 una
1291 4103 1378 4177 parte

286 4219 393 4284 panno
408 4197 511 4275 laneo,
528 4205 559 4261 et
574 4198 762 4262 carbonibus
778 4199 868 4263 siccis
883 4196 1091 4262 minutissime
1108 4196 1197 4273 tritis,
1212 4217 1250 4258 ac
1265 4195 1377 4257 iterum

287 4301 440 4384 percuties
456 4301 580 4382 mallen,
596 4323 782 4388 rursumque
798 4301 924 4365 fiicabis
939 4322 1048 4386 panno
1062 4306 1093 4361 et
1104 4296 1303 4376 carbonibus,
1319 4297 1379 4361 sic-

724 4437 730 4466 ¹
748 4441 764 4464 “
772 4438 894 4486 incundem
902 4437 911 4485 l
920 4437 932 4455 '⁸
