3140 5152
261 453 325 518 ³04
611 473 804 518 rasorium
828 471 932 516 ussa
955 473 1008 518 rrr.

262 645 331 688 sam
343 632 488 688 catenam
500 645 554 708 per
567 633 669 709 partes
681 625 722 688 ad
733 625 942 711 quantitatem
954 623 1093 701 turibuli,
1104 621 1240 686 mediam
1253 631 1364 684 antem

263 733 383 810 partem
407 725 592 805 breviorem,
613 735 645 790 et
666 726 826 812 longiores
844 727 997 813 reliquas;
1021 725 1137 810 aptatis
1152 723 1366 788 foraminibus

263 829 295 891 in
325 827 464 913 utrisque
493 827 727 892 summitatibus
756 837 952 906 catenarum,
981 826 1166 890 obfirmabis
1195 846 1259 903 eas,
1287 845 1366 910 quas

262 928 421 1014 longiores
436 937 519 1006 sunt,
535 929 567 992 iu
582 929 727 994 inferiore
744 937 832 1015 parte
845 929 972 993 turibuli
987 929 1084 993 clavis
1099 928 1197 992 firmis
1212 937 1244 990 et
1258 935 1366 990 trans-

263 1028 368 1092 ductis
380 1053 389 1108 3
420 1029 605 1116 compositae
631 1053 687 1117 per
712 1031 904 1117 superiorem
932 1041 1054 1117 partem
1080 1031 1224 1115 impones
1249 1029 1365 1092 anulos

264 1131 421 1217 parvulos,
437 1153 509 1196 cum
531 1132 645 1219 quibus
666 1133 792 1219 aptabis
814 1143 847 1198 et
866 1132 1052 1198 obfirmabis
1070 1154 1125 1196 eas
1145 1131 1185 1194 ad
1200 1131 1298 1194 lilium
1314 1130 1364 1192 in-

263 1232 368 1313 ferius,
384 1255 440 1318 per
454 1235 540 1321 quod
557 1257 654 1300 mauu
674 1235 790 1321 gestari
807 1235 903 1299 debet
922 1257 995 1298 cum
1013 1255 1132 1320 magno
1148 1233 1242 1296 anulo
1256 1231 1363 1296 eidem

264 1335 407 1420 superius
422 1335 581 1422 imposito.
627 1335 771 1401 Mediam
787 1359 860 1401 vero
882 1347 1040 1416 catenam,
1062 1358 1134 1423 quse
1155 1333 1280 1398 brevior
1300 1341 1363 1410 est,

264 1437 448 1502 obfirmabis
469 1438 561 1503 clavo
582 1438 616 1502 ia
638 1439 789 1525 superiori
811 1449 900 1524 parte
921 1439 1050 1503 turibuli
1072 1438 1104 1501 in
1119 1460 1184 1502 uno
1199 1435 1312 1521 capite,
1329 1445 1365 1498 et

264 1539 396 1602 alterum
416 1540 564 1626 imposito
587 1541 681 1604 anulo
704 1540 829 1626 aptabis
851 1540 978 1605 inferius
1000 1541 1060 1604 snb
1073 1539 1155 1619 lilio;
1181 1549 1213 1603 et
1227 1539 1273 1602 sic
1288 1559 1365 1623 pro·

264 1646 388 1710 curabis
403 1655 439 1710 ut
452 1646 622 1711 turibulum
638 1669 678 1711 ex
693 1647 780 1712 omni
796 1655 883 1734 parte
898 1649 1059 1734 aequaliter
1072 1647 1218 1732 pendeat

311 1746 451 1812 Possunt
475 1747 570 1812 etiarn
593 1749 707 1813 eodem
731 1751 827 1814 modo
854 1760 886 1815 et
911 1749 1031 1828 ordine,
1057 1771 1123 1836 quo
1147 1747 1363 1834 praedeimns,

264 1848 402 1912 turibula
423 1849 555 1914 diversas
578 1849 687 1914 lormae
709 1861 742 1916 et
763 1851 878 1916 diversi
900 1852 1003 1937 operis
1026 1851 1145 1938 percuti
1167 1860 1200 1914 et
1218 1849 1308 1914 fundi
1329 1849 1364 1911 in

265 1973 343 2014 auro
361 1963 393 2015 et
412 1960 545 2036 argento
565 1962 661 2038 atquc
681 1955 848 2018 auricalco.
894 1952 956 2016 Sed
978 1973 1169 2038 magnopere
1184 1951 1364 2015 cavendum

266 2061 326 2130 est,
341 2061 377 2115 ut
392 2053 593 2132 auricalcum,
608 2055 694 2140 quod
710 2055 854 2118 deaurari
868 2055 972 2134 debet,
992 2052 1122 2119 omnino
1143 2075 1256 2140 purum
1274 2052 1317 2116 sit
1331 2062 1367 2116 et

267 2164 434 2240 purgatum
450 2177 469 2220 a
484 2157 623 2242 plumbo,
641 2167 768 2242 propter
782 2156 906 2220 diversa
924 2156 1104 2234 infortunia,
1119 2177 1191 2242 qnae
1207 2155 1365 2218 deauran-

267 2256 349 2321 tibus
379 2257 503 2322 evenire
533 2259 644 2322 solent.
690 2257 787 2333 Quod
814 2258 1006 2322 auricalcum
1037 2257 1063 2320 si
1089 2257 1135 2320 vis
1161 2277 1366 2341 componere,

267 2361 367 2445 primo
383 2369 526 2424 naturam
542 2360 641 2446 cupri,
656 2381 696 2424 ex
711 2382 775 2446 quo
790 2360 933 2440 efficitur,
948 2360 1045 2424 disce.

561 2999 794 3097 CAPUT
853 2997 1064 3094 LXIII.

719 3237 766 3281 DE
788 3235 910 3280 GUPRO.

341 3387 510 3454 UPRUM
527 3386 559 3450 iu
581 3394 665 3451 terra
687 3385 836 3450 nascitur.
881 3383 983 3469 Cujus
999 3403 1079 3446 vena
1101 3403 1171 3446 curn
1195 3380 1363 3458 invenitur,

382 3513 505 3555 summo
524 3488 631 3552 labore
654 3487 804 3552 fodiendo
826 3496 860 3551 et
881 3485 1058 3570 frangendo
1077 3483 1255 3569 acquiritur.
1301 3481 1365 3546 Est

267 3594 351 3658 enim
366 3592 447 3678 lapis
469 3591 574 3655 colore
588 3589 696 3653 viridis
719 3611 756 3652 ac
778 3587 963 3652 durissimus
980 3595 1012 3650 et
1034 3586 1163 3672 plumbo
1179 3583 1364 3648 naturaliter

268 3697 395 3760 mixtus.
433 3693 497 3770 Qui
512 3693 591 3778 lapis
606 3691 806 3756 abundanter
819 3690 953 3756 effossus
965 3711 1044 3775 rogo
1059 3689 1220 3774 inponitur
1234 3695 1266 3750 et
1276 3707 1366 3750 com-

267 3799 387 3864 buritur
400 3797 433 3861 in
448 3797 580 3862 modum
603 3797 709 3876 calcis,
731 3819 790 3860 nec
810 3805 917 3859 tamen
938 3801 1039 3856 mutat
1060 3791 1208 3868 colorem,
1228 3789 1283 3853 sed
1299 3789 1363 3852 du-

268 3903 369 3968 ritiam
391 3901 507 3966 amittit
530 3910 565 3964 ut
587 3899 753 3984 confrangi
780 3898 888 3982 possit.
934 3896 1060 3961 Deinde
1083 3895 1261 3959 minutatim
1284 3913 1364 3957 con·

267 4006 385 4069 fractus
400 4003 519 4068 fornaci
542 4001 724 4088 imponitur,
740 3999 865 4066 follibus
886 4009 981 4087 atque
996 3998 1187 4065 carbonibus
1201 3994 1363 4074 adhibitis,

266 4108 458 4171 incessanter
472 4107 523 4170 die
538 4127 576 4168 ac
599 4110 691 4166 nocte
707 4101 870 4166 conflatur.
916 4101 1013 4178 Quod
1030 4103 1132 4188 ipsum
1148 4100 1315 4186 diligenter
1329 4103 1365 4159 et

267 4219 358 4274 caute
381 4209 447 4272 lieri
470 4207 582 4286 debet;
605 4205 715 4284 idest,
737 4213 771 4267 nt
792 4204 892 4289 primo
913 4204 1066 4269 carbones
1087 4197 1306 4289 inponantur¹,
1330 4205 1365 4260 et

301 4403 307 4432 ¹
320 4403 431 4452 “Deinde
439 4404 523 4466 lepidis
531 4403 636 4452 minutia
646 4401 847 4466 superfundantur,
856 4413 990 4461 rursumque
998 4397 1128 4448 arbonem
1145 4397 1186 4446 Ex
1195 4397 1252 4445 Cod.
1262 4393 1365 4457 culpa
