3168 5140
318 487 383 552 3⁸2
673 499 863 546 rasorium
887 497 993 542 masa
1016 497 1069 540 111.

319 657 485 734 limaret-is,
507 653 626 718 calefac
649 649 846 715 mediocriter
867 657 901 712 et
923 647 1001 711 frica
1023 667 1117 732 super
1138 667 1176 708 ea
1195 666 1297 708 eomu
1319 643 1412 719 boris,

319 760 384 824 sire
408 778 527 844 pennas
549 753 680 832 anseris,
706 773 777 839 quar
799 773 872 816 eum
894 771 916 814 a
937 749 1043 814 calore
1065 747 1228 812 modicum
1251 743 1413 832 bquefaeta

319 861 401 924 ferro
416 857 613 934 adhaeserint,
633 857 759 942 nignrm
775 854 913 918 colorem
929 861 961 915 et
975 850 1063 936 quod
1078 871 1098 912 a
1114 848 1212 912 modo
1227 847 1259 910 ei
1274 847 1413 911 eonveni-

318 971 423 1026 entem
440 957 601 1046 praebebit.

628 1639 857 1736 CAPUT
918 1639 1093 1736 XCII.

674 1877 720 1920 DE
742 1877 943 1924 scuqunA
966 1877 1068 1922 OSSlS.

380 2042 653 2111 CULPTURUS
676 2065 723 2121 os,
743 2043 880 2128 primum
901 2041 1003 2108 forma
1021 2043 1163 2106 tabulam
1182 2043 1276 2130 eujus
1298 2043 1412 2128 magni-

401 2147 518 2213 tudinis
547 2145 692 2226 volueris,
722 2155 753 2209 et
777 2167 993 2232 superponens
1016 2155 1148 2226 cretam,
1177 2147 1326 2230 pertrahe
1350 2169 1415 2209 eum

320 2251 450 2337 plumbo
470 2249 624 2336 imagines
645 2247 819 2311 secundum
840 2246 974 2326 libitum,
997 2255 1092 2334 atque
1113 2269 1187 2311 cum
1207 2248 1320 2334 gracili
1341 2247 1415 2312 ferro

319 2353 451 2440 designa
471 2360 590 2417 tractus
606 2359 640 2414 ut
655 2357 846 2434 appareant3
870 2348 985 2412 deinde
1000 2371 1073 2413 cum
1093 2349 1225 2414 diversis
1240 2349 1335 2414 ferris
1350 2347 1414 2412 fode

320 2477 451 2541 campos
472 2458 568 2542 quam
591 2451 746 2538 profunde
768 2440 920 2528 voluerisJ
939 2450 1035 2514 etsie
1056 2451 1187 2515 demirm
1210 2451 1374 2538 ingenium
1388 2459 1416 2514 et

320 2557 483 2620 seientiam
511 2565 600 2618 tuam
636 2553 742 2638 sculpe
775 2551 938 2636 imagines,
968 2553 1018 2617 rel
1056 2553 1140 2618 aliud
1171 2554 1257 2641 quod
1287 2552 1415 2618 libuerit

321 2656 469 2734 Quodsi
495 2655 630 2720 volueris
653 2675 733 2740 opus
758 2663 847 2717 tuum
874 2655 941 2718 auri
965 2655 1074 2741 petulri
1098 2678 1220 2736 ornare,
1247 2657 1359 2742 gluten
1380 2655 1416 2718 de

320 2761 425 2826 vesica
448 2759 541 2846 piscis
563 2757 617 2845 qui
639 2757 753 2822 dicitur
776 2754 855 2820 huso
878 2757 1033 2844 subpone,
1055 2767 1087 2822 et
1108 2759 1209 2826 insist
1230 2759 1343 2844 petulb
1368 2777 1417 2842 per

321 2861 501 2946 particulas,
524 2859 604 2924 sicut
626 2859 760 2924 volueris
782 2880 938 2944 suppone.
995 2859 1113 2924 Forma
1134 2860 1230 2924 etiam
1253 2859 1415 2924 manubria

320 2984 359 3028 ex
375 2963 470 3026 ebore
492 2961 627 3028 rotunda
647 2961 714 3025 sive
728 2970 862 3042 eostata,
885 2972 917 3026 et
931 2963 983 3028 fac
998 2963 1141 3028 foramen
1162 2985 1218 3049 per
1232 2963 1373 3027 medium
1388 2963 1417 3026 in
1527 3011 1528 3038 p

321 3063 527 3150 longitudine,
549 3063 663 3127 deinde
683 3085 755 3128 eum
770 3063 854 3128 limis
869 3065 1000 3130 dirersis
1015 3067 1057 3130 ad
1073 3067 1134 3130 boe
1150 3089 1230 3153 opus
1252 3067 1338 3150 aptis
1353 3087 1417 3130 am-

321 3165 427 3252 plifica
445 3165 586 3230 foramen
606 3173 642 3228 ut
663 3165 703 3228 sit
717 3167 847 3231 interius
869 3167 952 3233 sicut
971 3168 1118 3248 exterius,
1141 3178 1174 3234 et
1189 3168 1230 3232 sit
1248 3190 1304 3254 per
1317 3177 1417 3232 rotem

320 3269 482 3356 equaliter
505 3276 537 3332 et
558 3267 754 3332 mediocriter
783 3278 895 3349 tenue;
928 3280 1024 3358 atque
1046 3270 1192 3358 pertrahe
1224 3271 1257 3334 in
1288 3269 1417 3334 circuitu

321 3371 473 3434 subtiliter
488 3369 648 3450 flosculos,
669 3371 734 3434 sive
750 3371 878 3452 bestias,
902 3394 987 3453 aves,
1003 3375 1053 3438 vel
1068 3373 1223 3438 dracones
1238 3371 1374 3436 collibus
1388 3382 1418 3435 et

320 3473 429 3536 caudis
441 3479 674 3551 concatenatos,
686 3481 718 3534 et
732 3493 806 3536 eum
821 3473 990 3540 subtilibus
1001 3475 1090 3541 serris
1106 3497 1237 3562 campos
1252 3475 1418 3551 transfora,

320 3573 434 3638 deinde
449 3575 555 3658 sculpe
570 3573 666 3660 quam
686 3575 832 3659 gracilius
847 3585 880 3640 et
894 3576 1057 3663 operosius
1073 3577 1186 3663 possis.
1232 3577 1309 3653 Quo
1325 3577 1417 3654 facto,

321 3677 416 3762 imple
431 3675 572 3739 foramen
594 3677 722 3740 interius
738 3676 825 3766 ligno
841 3679 1020 3766 quercineo,
1042 3680 1129 3767 quod
1145 3682 1307 3766 cooperies
1322 3699 1418 3766 cupro

321 3777 407 3844 tenui
422 3777 583 3856 deaurato,
601 3777 645 3840 ita
659 3787 695 3842 ut
709 3801 765 3864 per
779 3802 890 3844 omnes
911 3802 1042 3867 campos
1058 3802 1169 3846 aurum
1185 3783 1283 3847 videri
1298 3781 1416 3868 possit;

321 3881 428 3968 sieque
444 3901 483 3944 ex
499 3878 610 3944 eodem
627 3902 698 3944 osse
714 3881 857 3968 particuli
871 3883 995 3948 duabus
1010 3883 1169 3970 injunctis,
1193 3884 1320 3948 obstrue
1337 3881 1418 3945 fora-

322 4007 396 4049 men
417 3987 491 4050 ante
515 3991 547 4048 et
566 3985 659 4060 retro,
682 4005 761 4070 quas
784 3985 968 4050 obfirmabis
990 3987 1090 4050 osseis
1117 3986 1227 4068 elaris,
1257 3995 1322 4048 tam
1346 3983 1419 4048 sub-

321 4088 423 4170 tiliter,
446 4097 482 4154 ut
496 4087 598 4154 nullus
618 4086 816 4150 considerare
837 4089 937 4174 possit
957 4089 1091 4178 qualiter
1109 4109 1221 4154 aurum
1239 4085 1418 4172 impositum

322 4191 371 4256 sit.
418 4189 499 4256 Post
517 4189 585 4254 haee
600 4189 632 4252 in
646 4187 794 4252 anteriori
814 4191 968 4278 particula
987 4193 1038 4256 sac
1059 4191 1204 4256 foramen
1218 4189 1251 4252 in
1271 4211 1334 4276 quo
1355 4187 1419 4251 eul-

321 4295 413 4360 tellus
438 4295 618 4381 inponatur,
641 4292 731 4378 eujus
760 4293 862 4356 cauda
882 4293 1036 4359 calefacta
1055 4295 1164 4358 leviter
1178 4300 1283 4378 potest
1301 4289 1418 4376 inponi,

323 4399 396 4484 quia
417 4397 538 4484 lignum
560 4404 609 4460 est
629 4396 759 4460 interius
775 4405 806 4460 et
825 4397 955 4464 firmiter
976 4397 1093 4462 stabit:
1117 4395 1168 4460 fac
1190 4395 1285 4459 etiam
1308 4413 1417 4456 manu-
