3216 5138
304 475 367 540 120
661 499 851 544 rusorum
876 499 979 544 cisen
1002 499 1040 542 11.

299 643 476 734 Postquam
500 647 567 712 haec
591 649 635 714 ite
661 649 866 726 ordinaveris,
896 650 947 714 fec
969 657 1091 736 portem
1116 649 1295 714 interiorem
1321 671 1395 712 cnm

298 767 389 811 muro
409 747 555 814 exteriori
573 751 606 814 in
626 752 861 818 similitudinem
879 751 1008 818 fornicis
1026 753 1158 832 arcuati,
1177 751 1307 816 interius
1326 751 1397 814 niti-

298 849 406 915 tudine
422 851 545 916 modice
560 855 694 940 amplius
716 855 836 919 dimidii
855 855 954 941 pedis,
969 855 1013 920 ita
1027 864 1064 918 ut
1077 853 1221 940 superius
1236 854 1331 917 iurem
1349 850 1397 913 fu-

298 950 364 1014 cins
378 954 534 1038 aequaiem
549 977 605 1041 per
619 957 736 1037 omnia,
751 979 826 1022 curn
841 957 929 1022 labro
941 958 1104 1022 altitudine
1116 957 1210 1020 trium
1222 954 1394 1040 digitorum

299 1053 331 1116 in
346 1053 477 1120 circuitu
498 1058 613 1142 posito,
634 1068 672 1122 ut
693 1059 845 1146 quicquid
867 1062 971 1146 operis
985 1060 1035 1123 vel
1057 1059 1270 1123 utensiliorem
1286 1077 1394 1140 super-

298 1155 425 1239 ponitur
438 1180 503 1222 non
519 1161 618 1244 possit
632 1161 754 1226 cadere.
794 1161 859 1227 iste
875 1162 984 1226 furnus
999 1159 1112 1226 dicitur
1126 1159 1270 1224 clibanus
1282 1157 1397 1243 operis.

592 1503 1098 1516 Ἤ

666 1789 895 1890 CAPUT
953 1793 1025 1888 IL

641 2045 687 2090 DE
709 2045 824 2092 FURNO
848 2046 1057 2091 unumunurn

378 2223 436 2288 Ac
459 2235 492 2290 et
511 2226 608 2291 elium
632 2228 768 2308 furnum,
790 2231 985 2318 longitudine
1005 2251 1026 2294 x
1047 2229 1164 2316 pedum
1186 2236 1219 2292 et
1233 2227 1398 2294 latitudine

377 2347 454 2408 vm,
469 2329 634 2395 altitudine
649 2353 723 2397 vero
738 2353 785 2397 ιν.
832 2333 919 2398 Hinc
941 2332 1037 2397 facies
1059 2332 1092 2394 in
1114 2352 1178 2396 une
1196 2331 1299 2394 fronte
1314 2331 1399 2396 fora-

301 2447 375 2492 men
390 2430 431 2493 nd
447 2429 638 2520 imponendo
652 2433 739 2522 ligne
754 2444 786 2501 et
800 2434 918 2522 ignem,
934 2443 975 2514 et,
985 2433 1018 2497 in
1029 2434 1126 2498 lutere
1137 2454 1213 2510 uno,
1225 2431 1397 2496 fenestram

300 2531 394 2596 unius
417 2534 506 2618 pedis
528 2535 570 2600 ad
592 2536 808 2623 inponendum
823 2546 856 2601 et
870 2535 1059 2624 ejiciendum
1074 2533 1160 2622 quod
1183 2535 1397 2599 necessarium

301 2633 405 2715 fuerit,
420 2647 452 2699 et
467 2637 563 2702 larem
579 2637 707 2704 interius
730 2641 854 2704 firmam
877 2649 909 2703 et
930 2639 1095 2726 aequeiem.
1141 2638 1208 2702 Iste
1224 2637 1334 2701 furnus
1348 2637 1398 2700 di-

301 2733 382 2800 citur
396 2736 539 2803 clibanus
555 2741 714 2828 refrigerii.

651 3371 884 3470 CAPUT
942 3373 1051 3470 HL

433 3619 479 3662 DE
502 3619 615 3664 BURRO
639 3617 830 3662 Drusum
854 3617 896 3662 m·
919 3616 1111 3663 UTENSIHIS
1133 3617 1265 3662 OPERIS.

305 3781 513 3935 FACIES
539 3785 636 3850 etiem
661 3785 787 3852 firmum
813 3784 939 3850 tertium
962 3783 1161 3871 longitudine
1186 3783 1303 3870 pedum
1328 3807 1397 3865 sex,

378 3887 543 3952 latitudine
566 3898 713 3976 quotuor,
739 3887 904 3952 altitudine
933 3887 1039 3966 trium,
1063 3895 1096 3950 et
1118 3886 1262 3950 foramen
1293 3885 1399 3952 fenes-

302 3998 446 4076 tramque
461 4000 494 4054 et
507 3991 605 4055 ierem
621 3992 702 4056 sicut
717 3990 869 4076 superius.
914 3987 976 4052 Hic
999 3989 1109 4054 furnus
1124 3988 1239 4054 dicitur
1253 3989 1398 4053 clibanus

302 4092 454 4156 dilatandi
477 4103 509 4157 et
530 4093 696 4180 aequandi;
720 4091 864 4155 utensilia
879 4112 953 4155 vero
976 4090 1100 4155 adhoc
1117 4112 1197 4178 opus
1220 4092 1399 4156 necessario

301 4204 377 4258 sunt
391 4195 497 4259 fistulo
512 4195 612 4259 ferrea
634 4193 832 4280 longitndine
854 4192 988 4257 duorum
1010 4195 1168 4273 ulnarum,
1183 4193 1397 4278 grossitudine

303 4295 423 4378 pollicis
439 4299 541 4376 unius,
558 4299 691 4386 forcipes
706 4297 770 4360 duo
785 4295 817 4358 in
837 4317 902 4358 une
924 4303 1013 4381 perte
1035 4295 1109 4359 ferri
1130 4295 1281 4381 percussi,
1296 4295 1397 4360 trullae

303 4395 410 4461 fortene
425 4398 497 4463 duae
511 4409 607 4486 atque
621 4399 683 4464 eliu
697 4399 803 4484 lignee
816 4406 849 4461 et
863 4397 973 4475 ferrea,
989 4419 1061 4483 quae
1075 4397 1220 4462 volueris.
