3228 5134
286 436 371 500 xlviii
752 451 929 496 rnnrnrro.

287 625 402 695 divina
419 623 584 715 dignatio,
602 622 738 692 cunctis
756 619 938 690 humiliter
955 619 1089 688 discere
1107 619 1386 688 desiderantibus

285 740 394 832 gratis
415 737 533 819 offero,
559 747 596 806 et
620 746 661 806 ut
687 739 723 806 in
750 760 810 806 me
835 735 1091 827 benignitatem
1118 733 1187 803 Dei
1204 755 1390 826 recognos-

286 865 367 926 cant
393 855 663 948 largitatemque
690 855 870 934 mirentur,
889 853 1070 933 admoneo,
1097 861 1135 920 et
1160 861 1202 921 ut
1227 852 1332 934 idem,
1360 852 1389 922 si

287 995 392 1064 opera
407 971 616 1053 addiderint,
635 972 699 1041 sibi
717 980 844 1063 praesto
862 992 947 1050 esse,
966 967 1088 1060 procul
1106 969 1213 1039 dubio
1231 968 1384 1037 credaut

287 1111 434 1158 rnsmu0.

337 1319 438 1389 Sicut
468 1321 561 1389 enim
592 1319 725 1390 homini
756 1321 989 1412 quodcunque
1012 1317 1163 1388 vetitum
1195 1324 1257 1386 aut
1288 1314 1386 1384 inde-

288 1434 402 1504 bitum
433 1436 670 1528 cujuscunque
705 1437 800 1507 modi
836 1435 1028 1505 ambitione
1062 1439 1285 1522 attemptare,
1316 1431 1388 1500 sive

289 1551 410 1644 rapina
435 1575 612 1644 usurpare,
640 1553 799 1646 iniquum
827 1561 881 1622 est
913 1560 949 1621 et
976 1547 1205 1630 detestabile3
1234 1549 1283 1616 sic
1306 1547 1388 1636 jure

290 1667 451 1737 debitum
476 1675 514 1738 et
540 1691 586 1737 ex
611 1679 712 1760 patre
742 1668 821 1738 Deo
849 1666 1107 1736 haereditarium
1135 1663 1388 1754 intemptatum

286 1781 466 1875 negligere
495 1790 557 1851 aut
588 1786 807 1876 contemptui
840 1785 977 1864 ducere,
1007 1779 1154 1872 iguaviae
1179 1777 1388 1847 adscribitur

285 1920 326 1966 ac
353 1898 521 1967 stultitiae.
574 1898 629 1968 Tu
647 1923 730 1992 ergo
748 1901 947 1990 quicunque
972 1920 1018 1978 es,
1044 1894 1094 1963 fili
1121 1894 1305 1975 carissime,
1330 1893 1388 1961 cui

287 2011 386 2082 Deus
409 2014 505 2082 misit
531 2013 566 2082 in
592 2037 652 2083 cor
677 2038 841 2106 campum
868 2013 1077 2084 latissimum
1105 2009 1318 2078 diversarum
1335 2031 1389 2078 ar-

286 2130 377 2198 tium
403 2133 621 2221 perscrutari,
648 2141 684 2202 et
710 2141 751 2201 ut
778 2133 915 2213 exinde,
941 2129 1032 2221 quod
1061 2126 1213 2206 libuerit,
1235 2124 1387 2218 colligas,

286 2244 508 2315 intellectum
542 2270 733 2339 curamque
767 2269 951 2340 apponere,
988 2265 1057 2312 non
1088 2241 1281 2334 vilipendas
1310 2264 1389 2332 pre-

286 2361 376 2430 tiosa
394 2369 431 2430 et
448 2362 549 2431 utilia
566 2385 721 2454 quaeque,
736 2365 832 2455 quasi
847 2385 890 2434 ea
906 2362 972 2432 tibi
989 2367 1114 2452 sponte
1131 2365 1194 2426 aut
1211 2356 1387 2449 insperato

287 2475 479 2547 domestica
496 2485 589 2546 terra
606 2478 831 2570 produxerit;
859 2478 940 2570 quia
956 2476 1086 2546 stultus
1103 2473 1301 2565 negotiator
1319 2479 1382 2551 est,

287 2593 346 2683 qui
376 2592 580 2662 thesaurum
611 2594 732 2664 subito
761 2595 853 2665 fossa
882 2595 991 2664 humo
1021 2591 1200 2683 repererit,
1227 2589 1256 2658 si
1287 2586 1386 2656 illum

287 2708 452 2801 colligere
478 2717 515 2778 et
541 2733 679 2780 servare
707 2711 913 2804 neglexerit.
966 2708 1070 2791 Quod
1100 2707 1128 2776 si
1156 2704 1221 2774 tibi
1246 2703 1388 2772 arbusta

287 2822 370 2892 vilia
387 2825 572 2916 myrrham,
592 2826 674 2896 thus
698 2835 735 2894 et
755 2826 910 2896 balsama
930 2825 1174 2918 producerent,
1192 2845 1254 2891 scu
1272 2822 1387 2889 fontes

288 2939 471 3008 domestici
497 2938 625 3022 oleum,
652 2941 705 3010 lac
735 2949 772 3012 et
797 2940 905 3010 mella
933 2940 1194 3032 profunderent,
1225 2937 1299 3006 sive
1324 2959 1387 3028 pro

287 3055 400 3124 urtica
417 3063 455 3123 et
473 3054 600 3123 carduo
626 3059 830 3148 ceterisque
856 3057 947 3125 horti
974 3053 1188 3147 graminibus
1203 3053 1332 3122 nardus
1350 3063 1387 3122 et

288 3168 405 3239 fistula
447 3169 731 3264 diversommque
773 3195 942 3266 generum
985 3178 1143 3240 aromata
1179 3179 1386 3248 crescerent,

286 3287 458 3376 numquid
484 3287 538 3357 bis
565 3291 776 3381 contemptis
798 3299 965 3381 tanquam
983 3285 1108 3356 vilibus
1132 3294 1169 3355 et
1187 3285 1387 3354 domesticis

287 3402 332 3471 ad
359 3411 536 3486 extranea,
564 3428 628 3474 nec
654 3405 809 3488 meliora,
836 3405 897 3476 sed
927 3401 1081 3472 fortassis
1103 3401 1222 3470 viliora
1248 3423 1388 3492 compa-

288 3517 396 3587 randa
413 3519 576 3588 circuires
602 3528 711 3590 terras
729 3529 766 3590 et
791 3519 928 3590 mares?
954 3527 991 3588 et
1009 3517 1074 3587 hoc
1093 3525 1130 3586 te
1147 3517 1270 3608 Judice
1286 3538 1388 3609 gran-

289 3633 342 3702 dis
376 3633 468 3704 foret
508 3634 669 3705 stultitia.
722 3635 890 3716 Quamvis
930 3636 1024 3704 enim
1058 3633 1194 3703 soleant
1228 3633 1387 3702 homines

289 3769 435 3838 quaeque
462 3751 616 3840 pretiosa
641 3752 754 3823 multo
782 3753 907 3822 sudore
933 3749 1085 3841 quaesita,
1112 3756 1387 3840 sumptuumque

289 3863 541 3934 numerositate
561 3877 771 3960 comparata,
798 3868 911 3960 primo
934 3866 1011 3935 loco
1035 3887 1214 3957 reponere,
1235 3885 1387 3934 summa-

290 3999 359 4067 que
376 3979 467 4047 tueri
487 3981 643 4052 cautela:
668 3992 787 4053 tamen
801 3985 828 4053 si
846 3980 936 4052 forte
952 3979 1129 4050 interdum
1142 3980 1250 4072 gratis
1268 4001 1387 4048 occur-

289 4091 399 4160 rerint
425 4101 487 4162 aut
510 4094 735 4168 inveniantur
751 4101 846 4191 paria
862 4121 925 4167 seu
948 4095 1103 4177 meliora,
1126 4117 1197 4164 non
1218 4093 1385 4176 dissimili,

289 4206 361 4276 imo
379 4207 501 4298 majori
518 4223 702 4283 servantur
718 4215 885 4284 custodia.
