3236 5144
314 537 378 603 286
662 554 854 601 rasorium
877 555 981 598 marm
1004 554 1056 600 ιιι.

314 731 386 796 quae
402 711 506 774 cauda
521 707 651 774 habebit
665 709 698 771 in
714 707 895 771 summitate
910 715 1006 792 caput
1019 705 1121 771 leonis
1136 705 1228 770 fissile
1242 713 1275 769 et
1295 705 1414 769 decen·

313 793 436 876 tissime
460 813 629 898 sculptum,
645 810 731 896 quod
756 819 852 894 caput
873 809 993 873 tenebit
1014 808 1202 895 pelviculam
1222 807 1256 870 in
1271 829 1325 871 ore
1340 829 1411 871 suo.

314 913 456 977 Habebit
468 913 563 977 etiam
575 914 608 976 in
619 914 719 976 altera
728 912 912 976 summitate
924 920 1021 996 caput
1030 910 1123 974 simili
1134 909 1229 975 modo
1240 910 1411 994 sculptum,

311 1016 345 1079 in
359 1016 449 1101 cujus
464 1037 518 1080 ore
534 1014 685 1102 pendebit
698 1015 822 1093 anulus,
838 1035 893 1099 per
908 1014 1027 1077 inserto
1042 1013 1144 1098 digito
1167 1011 1284 1098 portari
1299 1008 1411 1095 possit.

314 1116 451 1206 Reliqua
465 1140 540 1182 vero
556 1117 658 1182 cauda
672 1117 752 1182 inter
766 1117 830 1181 duo
843 1116 950 1202 capita
964 1114 1108 1180 decorari
1119 1114 1216 1178 debet
1226 1112 1343 1198 nigello
1353 1132 1413 1197 per

312 1220 394 1300 loca,
409 1231 441 1284 et
456 1241 511 1305 per
532 1220 603 1284 loca
625 1241 720 1306 opere
742 1218 824 1282 fusili
847 1227 879 1283 et
894 1218 1059 1304 punctorio
1076 1227 1109 1281 et
1129 1215 1240 1279 litteris
1262 1236 1412 1278 versuum

313 1321 435 1386 exarari
451 1322 484 1385 in
499 1345 556 1386 suo
571 1324 653 1387 loco.
700 1321 863 1386 Pelricula
878 1342 952 1384 vero
974 1341 1046 1407 quae
1060 1319 1092 1382 in
1109 1316 1289 1382 summitate
1303 1325 1361 1394 est,
1377 1316 1411 1379 in

314 1423 420 1488 medio
435 1424 534 1488 fundo
556 1423 707 1511 perforari
722 1423 827 1503 debet,
844 1423 1009 1487 latitudine
1031 1424 1167 1486 duorum
1182 1419 1354 1506 digitorum
1377 1417 1411 1480 iu

313 1525 517 1606 rotunditate,
541 1526 751 1591 subtilissimis
779 1525 984 1589 foraminibus
1015 1547 1070 1611 per
1094 1545 1167 1610 quas
1190 1520 1286 1584 colari
1315 1519 1414 1582 debet

314 1626 422 1691 viuum
437 1638 469 1692 et
483 1649 566 1715 aqua
587 1629 618 1691 iu
636 1628 766 1693 calicem
791 1629 949 1712 ponenda,
965 1649 1021 1714 ρει
1034 1623 1149 1713 quam¹
1175 1629 1411 1688 sacramentum

317 1727 478 1794 Dominici
493 1729 657 1816 sanguinis
668 1729 847 1795 bonficitur.

610 2286 838 2386 CAPUT
908 2287 1118 2385 LVIII.

744 2508 789 2551 DE
812 2507 986 2551 auruum.

317 2657 392 2811 Sl
409 2681 484 2724 vero
495 2661 630 2725 volueris
645 2659 816 2746 ampullam
826 2678 1015 2744 componere
1030 2657 1070 2721 ad
1083 2659 1278 2726 tundendum
1290 2663 1412 2744 vinum,

419 2773 547 2847 percute
569 2771 735 2848 argentum
759 2762 872 2825 eodem
896 2760 1003 2839 mod0‚
1026 2783 1090 2847 quo
1116 2762 1286 2846 percutitur
1307 2765 1413 2829 nodus

314 2863 404 2948 pedis
415 2864 446 2925 in
462 2865 569 2942 calice,
580 2872 713 2950 excepto
725 2864 811 2950 quod
825 2873 932 2926 venter
947 2864 1092 2948 ampullae
1104 2864 1203 2927 multo
1214 2865 1305 2929 latior
1316 2866 1414 2930 debet

315 2965 453 3044 formari,
477 2973 509 3030 et
533 2966 649 3030 collum
674 2965 742 3050 ejus
766 2987 859 3051 super
883 2965 1029 3029 incudem
1052 2966 1181 3052 longam
1206 2977 1238 3030 et
1260 2969 1411 3054 gracilem

317 3066 432 3130 malleo
448 3088 564 3130 comeo
577 3077 608 3131 et
623 3067 772 3131 mediocri
790 3069 892 3132 ferreo
907 3068 1003 3132 debet
1018 3069 1200 3155 constringi.
1247 3069 1411 3135 Interdum

315 3170 411 3232 etiam
432 3168 502 3254 ipsa
525 3169 674 3253 ampulla,
697 3191 769 3233 cum
791 3171 923 3255 coeperit
943 3171 1081 3249 formari,
1104 3170 1271 3257 impleatur
1291 3173 1364 3238 cera
1379 3184 1413 3237 et

316 3272 430 3336 malleo
447 3271 595 3336 mediocri
610 3272 710 3337 ferreo
727 3273 837 3336 leniter
848 3273 1049 3359 percutiatur,
1061 3283 1097 3338 ut
1107 3274 1135 3337 ei
1146 3275 1322 3339 rotunditas
1333 3299 1412 3340 ven-

315 3374 371 3438 tris
398 3383 430 3438 et
455 3375 576 3460 effigies
602 3375 674 3439 colli
697 3377 859 3439 decentius
886 3384 918 3440 et
941 3377 1092 3462 aequalius
1117 3387 1250 3463 aptetur.
1296 3377 1412 3465 Sicque

314 3476 417 3561 ejecta
438 3477 511 3540 cerd
532 3499 626 3562 super
647 3478 801 3542 carbones
823 3478 935 3542 iterum
959 3489 1157 3565 recoquatur,
1173 3490 1206 3544 et
1218 3482 1324 3544 denuo
1338 3501 1413 3544 cera

314 3578 504 3662 imponatur,
520 3601 558 3643 ac
573 3580 655 3643 sicut
670 3580 756 3665 prius
768 3582 971 3667 percutiatur,
987 3582 1089 3646 donec
1105 3583 1235 3646 omnino
1250 3582 1412 3648 formetur.

257 3697 264 3706 ·
316 3677 390 3752 Quo
406 3679 491 3742 facto
506 3679 532 3742 si
545 3680 680 3744 volueris
694 3681 728 3744 in
742 3682 750 3744 i
753 3704 812 3768 psa
826 3684 965 3768 ampulla
975 3683 1129 3770 imagines
1144 3695 1199 3748 aut
1214 3685 1331 3749 bestias
1344 3686 1413 3749 sive

314 3779 410 3844 flores
433 3803 527 3866 opere
549 3782 659 3846 ductili
681 3783 795 3864 facere,
819 3805 976 3871 compone
998 3785 1030 3849 in
1052 3787 1161 3872 primis
1178 3787 1413 3852 conlectionem

315 3901 355 3945 ex
372 3883 441 3967 pice
457 3891 489 3948 et
503 3905 576 3948 cera
590 3894 623 3949 et
637 3887 753 3971 tegula.

510 4091 517 4120 ¹
537 4093 613 4143 Codex
624 4095 733 4158 Gnelpt,
745 4095 760 4119 “
770 4093 844 4154 quoe,”
855 4095 938 4150 lodetr
953 4095 971 4142 ι’.
981 4111 998 4146 ι.
1010 4096 1091 4146 vnum
1102 4104 1121 4146 ct
1131 4113 1203 4161 aqua.
