3140 5152
271 407 337 473 334
407 411 413 422 '
624 424 817 470 rusorurur
845 424 950 469 ursus
974 425 1027 468 111.

271 580 387 646 diocre.
436 579 599 644 Posthac
614 580 664 644 fac
683 578 740 642 tibi
764 578 880 642 lenum
895 579 1024 664 gracile,
1039 578 1235 665 longitndine
1250 581 1382 645 dimidii

271 683 371 767 pedis,
395 683 482 770 quod
509 683 541 746 in
565 703 629 746 una
655 681 838 746 summitate
861 681 903 744 sit
928 680 1054 746 modice
1079 682 1189 762 latum,
1215 684 1258 748 ad
1286 707 1381 749 men-

270 806 376 849 suram
399 785 524 872 unguis,
545 793 579 850 ct
600 784 800 850 mediocriter
821 805 946 862 cavum,
969 793 1002 848 et
1023 784 1124 849 altera
1142 787 1314 851 summitas
1328 787 1380 850 in-

270 887 389 973 figatur
403 887 509 974 ligneo
525 888 702 953 manubrio.
749 887 875 952 Deinde
897 887 1014 952 sedens
1031 888 1126 974 juxta
1149 888 1313 953 fornacem
1334 891 1379 954 ad

270 987 333 1054 boc
348 1011 429 1076 opus
445 999 565 1077 aptam,
580 1001 655 1056 ante
677 1011 774 1078 quam
789 998 852 1055 stet
866 991 1030 1054 vasculum
1044 1011 1196 1075 cupreum
1210 1013 1285 1055 cnm
1301 1013 1380 1056 cera

267 1091 449 1178 liquefacta,
464 1106 639 1181 tenensque
661 1094 787 1159 sinistra
809 1114 906 1158 manu
929 1093 1130 1157 manubrium
1149 1092 1229 1156 illius
1245 1092 1378 1178 gracilis

269 1193 342 1258 ferri
356 1194 389 1258 in
399 1197 503 1260 latiori
516 1207 603 1283 parte
618 1197 818 1276 calefactum,
834 1196 866 1259 in
881 1195 994 1260 dextra
1004 1217 1080 1259 vero
1094 1203 1263 1282 stagneum
1271 1197 1376 1276 filum,

267 1298 360 1383 quasi
376 1299 507 1384 globum
529 1299 706 1365 involutum
729 1301 820 1387 cujus
842 1309 939 1386 caput
953 1299 1051 1364 facies
1064 1298 1098 1362 iu
1112 1319 1186 1363 ocra
1200 1299 1376 1384 liquefacta

267 1399 445 1482 humidum,
468 1425 654 1490 ponensque
675 1425 769 1490 super
790 1423 889 1467 unum
912 1423 952 1468 ex
967 1401 1119 1481 flosculis,
1141 1401 1182 1466 ed
1204 1411 1295 1487 parte
1317 1402 1376 1466 nbi

268 1513 417 1590 stagnum
439 1515 499 1586 est,
521 1505 566 1570 ita
592 1514 628 1570 ut
647 1506 818 1585 adhaereat,
832 1505 964 1584 levabis,
979 1514 1013 1568 ct
1035 1526 1136 1591 pones
1160 1504 1193 1567 in
1216 1503 1374 1569 fossulam

268 1605 341 1670 ferri
363 1608 539 1688 candentis,
561 1608 745 1696 tenebisque
765 1607 868 1672 donec
887 1608 1040 1695 liquefiat,
1056 1607 1229 1694 statimque
1243 1629 1373 1673 remov-

269 1709 338 1773 ebis
347 1719 515 1798 utrumque
526 1712 569 1777 ab
581 1712 665 1800 igne,
676 1711 862 1798 incidasque
872 1711 961 1774 filum
973 1733 1047 1776 cum
1059 1711 1179 1798 forcipe
1194 1711 1373 1776 secundum

268 1812 499 1898 longitudinem
522 1837 618 1902 quam
634 1816 682 1879 vis
703 1815 823 1880 babere
845 1813 979 1880 caudam
1002 1813 1095 1879 clavi.
1140 1811 1257 1900 Sicque
1272 1813 1372 1878 facies

268 1913 372 1977 donec
385 1916 548 2000 expendes
569 1916 604 1980 in
625 1915 805 2001 hujusmodi
830 1917 927 1980 clavis
942 1925 1111 2002 argentum
1126 1915 1203 1980 illud
1219 1938 1371 2002 cuprum·

268 2035 331 2100 que
346 2015 542 2082 deauratum.
587 2017 734 2106 Cumque
756 2021 920 2083 clavorum
941 2018 1067 2104 copiam
1090 2017 1250 2098 habueris,
1265 2027 1298 2082 et
1312 2041 1371 2082 eos

268 2117 428 2204 configere
443 2120 579 2186 volueris
594 2121 627 2184 in
642 2121 784 2208 corrigiis
802 2121 990 2186 ascensoriis
1005 2121 1091 2185 sellae
1106 2120 1189 2208 equi,
1204 2121 1270 2185 sive
1285 2122 1370 2186 circa

268 2219 419 2306 capitium
433 2222 524 2304 freni,
547 2225 683 2310 primum
706 2247 779 2289 cum
801 2224 916 2289 subula
937 2225 989 2288 fac
1011 2223 1179 2303 foramina,
1202 2233 1235 2287 ct
1250 2225 1295 2288 sic
1309 2225 1369 2288 im-

268 2343 352 2408 pone
369 2325 477 2390 clavos
493 2327 673 2407 ordinatim,
691 2328 736 2392 ita
757 2335 793 2390 ut
815 2327 878 2391 sint
900 2336 963 2391 tres
977 2326 1064 2390 aurei
1085 2334 1117 2390 ct
1131 2335 1196 2390 tres
1215 2327 1369 2412 argentei,

269 2445 456 2514 rursumque
471 2437 535 2494 tres
549 2431 645 2510 aurci,
661 2439 694 2494 et
708 2429 790 2494 smili
806 2429 903 2494 modo
918 2451 975 2516 per
990 2438 1105 2493 totum.
1150 2427 1270 2493 sivero
1285 2428 1368 2492 duos

269 2527 396 2594 ordines
404 2533 455 2594 vel
467 2541 532 2598 tres
546 2533 664 2598 habere
674 2532 819 2615 volueris,
832 2553 916 2619 pone
932 2553 1057 2618 semper
1066 2551 1166 2594 unum
1181 2539 1368 2617 argenteum

268 2639 300 2694 et
315 2632 448 2697 alterum
470 2656 600 2700 aureum
623 2659 679 2723 per
701 2636 819 2717 omnia,
842 2636 952 2721 sicque
973 2655 1096 2720 ponens
1111 2633 1277 2719 corrigiam
1293 2655 1368 2698 cum

269 2733 418 2818 captibus
448 2759 543 2823 super
572 2739 714 2803 tabulam
740 2739 877 2826 ligneam
903 2738 1068 2824 aqualem,
1095 2737 1221 2822 confige
1247 2736 1367 2800 caudas

268 2853 340 2897 cum
368 2837 519 2902 mediocri
546 2841 672 2905 malleo.
718 2840 815 2905 Fiunt
841 2843 936 2906 etiam
962 2840 1075 2904 eodem
1099 2861 1194 2927 opere
1219 2837 1300 2902 clavi
1325 2858 1367 2901 ex

269 2934 435 3018 auricalco,
451 2939 507 3003 sed
523 2941 698 3027 spissiores,
714 2966 850 3030 quorum
865 2943 975 3008 caudae
990 2963 1114 3029 cupreas
1128 2941 1303 3006 solidantur
1317 2937 1367 3001 in·

268 3036 365 3102 terius
388 3048 503 3128 stagno
529 3064 609 3129 puro
634 3044 747 3110 eodem
773 3046 880 3110 modo.
926 3044 991 3108 His
1017 3045 1220 3131 configuntur
1240 3041 1365 3127 vaginre

268 3139 479 3224 cultellorum,
495 3153 526 3210 et
541 3148 627 3212 coria
641 3171 736 3236 super
750 3149 856 3228 libros,
872 3149 1033 3236 multaque
1048 3144 1237 3233 hujusmodi.

524 3831 751 3929 CAPUT
820 3831 1101 3929 LXXVII.

411 4075 457 4120 DE
479 4075 677 4120 somnino
699 4076 792 4122 AUBO
816 4077 858 4122 m·
878 4077 1037 4123 ARGENTO
1060 4077 1218 4123 aturrus.

265 4237 705 4391 PURIFICATURllM
730 4247 894 4353 argentum
916 4241 1054 4328 pondere
1077 4242 1244 4308 duodecim
1267 4265 1362 4310 num-

365 4363 499 4424 morum,
530 4351 701 4429 percutitur
735 4343 866 4408 strictim
893 4345 1091 4432 longitudine
1123 4345 1245 4412 dimidii
1268 4346 1361 4434 digiti
