3140 5152
652 477 845 524 THEOPHIU
871 479 974 523 unsri
995 478 1050 522 111.

549 906 783 1005 CAPUT
840 905 1136 1004 LXXXVI.

593 1151 640 1194 ΒΕ
662 1151 826 1196 ΜΕΝΒΠΒΔ
849 1151 1102 1198 crunntouuu.

378 1328 627 1408 UICUNQUE
649 1333 716 1397 vult
741 1334 843 1398 secere
864 1335 1013 1421 cymbala
1033 1333 1073 1398 ud
1095 1331 1290 1397 cantandum
1314 1337 1403 1395 recte

398 1435 553 1512 sonantia,
577 1437 617 1498 ed
644 1437 894 1524 unumquodque
914 1437 1011 1501 debet
1032 1459 1138 1500 cerem
1167 1433 1308 1500 dividere
1325 1454 1401 1496 cum

295 1535 444 1620 pondere,
473 1546 504 1599 et
528 1557 546 1600 u
573 1538 786 1624 superioribus
816 1538 946 1625 incipiat
973 1549 1009 1602 ut
1038 1537 1264 1602 descendendo
1297 1535 1403 1622 possit

295 1637 459 1724 pervenire
471 1639 510 1702 ad
527 1641 683 1724 graviore.
730 1641 992 1729 Unumquodque
1006 1653 1113 1706 nutem
1129 1650 1219 1703 notet
1235 1661 1308 1703 cum
1326 1661 1401 1723 pro·

296 1740 365 1825 pria
386 1741 489 1804 littera
511 1752 546 1805 ut
566 1743 643 1806 inud
666 1743 698 1805 in
721 1743 876 1808 divisione
899 1753 1083 1829 cognoscat.
1132 1742 1281 1828 inprimis
1303 1742 1401 1805 faciet

296 1843 376 1908 dues
403 1854 508 1928 partes
535 1867 614 1908 cerae
641 1848 778 1932 aequeles
802 1868 875 1910 cum
904 1846 992 1925 libra,
1014 1869 1110 1910 unam
1135 1846 1175 1908 ed
1204 1869 1226 1910 a
1252 1845 1400 1922 litteram,

297 1947 428 2010 alteram
444 1947 485 2010 ad
502 1967 533 2010 u.
567 1947 682 2012 Geram
698 1972 721 2013 a
738 1948 848 2012 litterae
860 1949 981 2012 dividat
995 1948 1027 2012 in
1044 1957 1118 2012 octe
1133 1949 1271 2034 oequaies
1283 1956 1400 2033 partes,

296 2059 329 2112 et
352 2057 475 2113 tuntum
499 2049 539 2113 ad
563 2071 668 2114 cerem
692 2071 714 2114 u
737 2051 850 2114 litterae
872 2060 1026 2137 quantum
1050 2051 1153 2115 estin
1177 2062 1291 2114 octavu
1310 2059 1400 2134 purte

297 2173 377 2216 cerae
391 2175 423 2216 a.
474 2151 623 2216 Similiter
644 2154 766 2218 dividat
788 2175 893 2218 ceram
910 2175 931 2218 o
948 2177 1003 2240 per
1026 2165 1100 2217 octo
1115 2166 1147 2217 et
1161 2163 1286 2216 tantum
1309 2152 1362 2214 det
1379 2172 1399 2212 ιτ

297 2254 410 2319 litteroe
424 2263 580 2342 quantum
603 2267 652 2322 est
673 2257 706 2320 in
729 2279 855 2320 summa
870 2257 952 2344 ejus,
973 2266 1005 2322 et
1027 2257 1155 2341 insuper
1170 2264 1314 2318 octavam
1329 2253 1399 2340 ejus

298 2367 430 2443 partem,
450 2366 482 2422 et
497 2357 628 2422 habebit
650 2360 731 2423 duos
751 2369 845 2424 tonos
867 2359 1047 2424 continuos.
1094 2358 1133 2423 In
1149 2359 1204 2422 illo
1220 2358 1290 2422 loco
1305 2359 1398 2422 serni-

297 2461 436 2525 tonium¹
460 2461 556 2525 debet
575 2483 656 2540 esse,
682 2471 715 2526 et
737 2461 797 2526 hoc
820 2462 864 2525 ite
887 2461 1038 2526 inveniet.
1090 2459 1256 2524 Summam
1281 2483 1359 2524 cerae
1375 2485 1397 2525 a

298 2563 408 2626 litterae
423 2563 547 2626 dividet
559 2564 591 2625 in
610 2572 673 2628 tres
686 2575 800 2650 partes,
817 2563 983 2650 ipsamque
995 2587 1153 2654 summam
1171 2564 1225 2628 det
1241 2585 1262 2626 u
1277 2563 1398 2642 litterae,

297 2677 330 2730 et
344 2667 472 2752 insuper
486 2667 555 2752 ejus
579 2666 707 2730 terciam
732 2674 863 2751 partem.
912 2665 1038 2730 Deinde
1060 2667 1114 2731 det
1136 2675 1258 2731 tantum
1280 2687 1357 2728 cerae
1374 2685 1397 2725 n

298 2771 420 2848 litterae,
435 2778 590 2855 quantum
617 2777 666 2832 est
690 2768 722 2830 in
751 2789 875 2832 summe
899 2791 921 2832 a
950 2778 983 2832 et
1004 2778 1150 2834 octavum
1174 2771 1242 2857 ejus
1265 2779 1396 2854 per-tem.

300 2873 381 2934 Item
398 2879 521 2934 tantum
538 2893 619 2934 cerae
634 2871 689 2934 det
709 2871 819 2935 litterae
841 2891 860 2935 c
884 2881 1038 2958 quantum
1056 2873 1151 2937 habet
1166 2893 1198 2950 u,
1214 2881 1246 2936 et
1260 2871 1396 2936 mediam

299 2979 367 3064 ejus
397 2985 529 3062 purtem,
562 2976 667 3061 itaque
696 2973 830 3038 heberet
853 2975 934 3038 duos
964 2983 1057 3040 tonos
1085 2984 1157 3061 post
1183 2973 1395 3038 semitonium.

301 3079 426 3143 Deinde
452 3088 576 3142 tuntum
600 3099 680 3140 cerae
705 3076 825 3140 tribuat
851 3098 872 3140 u
899 3078 1009 3141 litterae
1032 3089 1187 3165 quantum
1212 3078 1313 3142 estin
1329 3087 1397 3140 tota

298 3206 423 3248 summa
446 3203 465 3246 r
488 3182 609 3260 litterae,
630 3190 663 3246 et
684 3181 814 3266 insuper
835 3183 964 3246 tercium
988 3184 1056 3268 ejus
1072 3191 1204 3268 partem,
1220 3190 1253 3244 et
1267 3181 1398 3244 habebit

297 3288 418 3372 iterum
433 3285 653 3364 semitonium3
680 3279 776 3369 etque
803 3293 924 3368 septem
950 3284 1159 3371 symphonias
1186 3285 1227 3348 ub
1250 3307 1272 3348 α
1294 3283 1397 3348 littere

297 3411 399 3477 usque
422 3389 461 3452 ed
485 3411 506 3452 u
527 3389 679 3453 inveniet.
726 3388 902 3474 Dyepuson
919 3409 994 3451 vero
1018 3386 1155 3450 necdum
1177 3386 1307 3450 heberet
1327 3387 1398 3450 sine

298 3501 411 3556 octavo
426 3491 585 3578 cymbalo,
633 3491 782 3576 Duplicet
797 3489 891 3576 igitur
902 3499 1003 3554 totum
1019 3512 1124 3554 ceram
1140 3513 1162 3554 α
1178 3489 1288 3553 litterae
1302 3498 1336 3552 et
1350 3490 1397 3554 sic

298 3616 367 3658 eum
379 3595 498 3658 tribuet
509 3613 531 3657 Α
541 3594 662 3671 litterae,
673 3601 705 3656 et
714 3591 810 3655 nichil
819 3592 930 3657 deerit.
966 3593 1195 3680 Dyetesseron‚
1211 3593 1398 3676 Dyepeson‚

297 3707 392 3783 atque
415 3695 585 3782 Dyupente
608 3694 810 3780 Synemenon
833 3703 940 3760 autem
962 3696 1103 3760 inveniat
1122 3697 1179 3775 ite,
1198 3695 1291 3759 tollet
1308 3717 1399 3758 sum-

298 3821 384 3863 murn
399 3819 479 3862 cerae
498 3796 610 3861 litterae
632 3805 665 3862 et
686 3807 810 3862 tantum
833 3799 888 3863 det
904 3820 923 3862 s
938 3800 1061 3880 litterae,
1082 3808 1115 3864 et
1128 3800 1258 3885 insuper
1278 3797 1399 3862 medie·

297 3912 395 3968 tatem
411 3902 490 3988 ejm,
506 3921 543 3964 ac
566 3901 740 3966 constituet
761 3900 848 3964 illem
871 3899 952 3966 inter
968 3923 990 3966 u
1005 3912 1038 3967 et
1054 3923 1086 3966 n.
1132 3901 1272 3966 Omnind
1287 3910 1398 3964 eutem

297 4014 410 4072 caveat
424 4003 478 4092 qui
494 4005 643 4092 cymbala
665 4005 801 4068 formare
824 4011 879 4068 eut
900 4004 1033 4068 fundere
1056 4004 1161 4084 debet,
1178 4013 1214 4068 ut
1229 4003 1270 4067 de
1284 4025 1401 4089 supra-

297 4111 383 4175 dicte
398 4131 470 4173 cere
482 4130 553 4194 quae
568 4117 633 4171 tem
651 4111 743 4170 ceute
758 4107 935 4192 ponderate
946 4115 979 4172 et
992 4107 1095 4171 divise
1109 4116 1170 4186 est,
1178 4106 1275 4170 nichil
1291 4105 1401 4170 mittat

297 4213 338 4276 ad
358 4213 438 4300 juge
459 4222 492 4277 et
513 4211 696 4298 spiramine,
720 4209 777 4274 sed
799 4211 839 4274 de
863 4211 962 4276 altere
983 4233 1057 4276 cere
1079 4209 1177 4274 faciet
1198 4209 1251 4273 itta
1276 4207 1400 4274 omnia.

707 4415 713 4444 ¹
732 4417 748 4442 ‘⁴
757 4413 905 4474 emnium?
915 4411 972 4463 ind.
