<?xml version="1.0" encoding="UTF-8"?>
<!DOCTYPE html PUBLIC "-//W3C//DTD XHTML 1.0 Transitional//EN"
    "http://www.w3.org/TR/xhtml1/DTD/xhtml1-transitional.dtd">
<html xmlns="http://www.w3.org/1999/xhtml" xml:lang="en" lang="en">
 <head>
  <title>
</title>
<meta http-equiv="Content-Type" content="text/html;charset=utf-8" />
  <meta name='ocr-system' content='tesseract 3.04.00' />
  <meta name='ocr-capabilities' content='ocr_page ocr_carea ocr_par ocr_line ocrx_word'/>
</head>
<body>
  <div class='ocr_page' id='page_1' title='image "./theophiliquietr00hendgoog_0266.png"; bbox 0 0 3236 5144; ppageno 0'>
   <div class='ocr_carea' id='block_1_1' title="bbox 457 1228 1224 1330">
    <p class='ocr_par' dir='ltr' id='par_1_1' title="bbox 457 1228 1224 1330">
     <span class='ocr_line' id='line_1_1' title="bbox 457 1228 1224 1330; baseline 0.004 -5"><span class='ocrx_word' id='word_1_1' title='bbox 457 1228 754 1327; x_wconf 86' lang='lat' dir='ltr'>INCIPIT</span> <span class='ocrx_word' id='word_1_2' title='bbox 822 1229 1224 1330; x_wconf 86' lang='lat' dir='ltr'>PROLOGUS</span> 
     </span>
    </p>
   </div>
   <div class='ocr_carea' id='block_1_2' title="bbox 841 1497 869 1532">
    <p class='ocr_par' dir='ltr' id='par_1_2' title="bbox 841 1497 869 1532">
     <span class='ocr_line' id='line_1_2' title="bbox 841 1497 869 1532; baseline 0 0"><span class='ocrx_word' id='word_1_3' title='bbox 841 1497 869 1532; x_wconf 76' lang='lat' dir='ltr'><strong>In</strong></span> 
     </span>
    </p>
   </div>
   <div class='ocr_carea' id='block_1_3' title="bbox 582 1661 1108 1751">
    <p class='ocr_par' dir='ltr' id='par_1_3' title="bbox 582 1661 1108 1751">
     <span class='ocr_line' id='line_1_3' title="bbox 582 1661 1108 1751; baseline 0.011 -7"><span class='ocrx_word' id='word_1_4' title='bbox 582 1661 794 1746; x_wconf 80' lang='lat' dir='ltr'>LIBRUM</span> <span class='ocrx_word' id='word_1_5' title='bbox 854 1665 1108 1751; x_wconf 86' lang='lat' dir='ltr'>TERTIUM.</span> 
     </span>
    </p>
   </div>
   <div class='ocr_carea' id='block_1_4' title="bbox 284 2194 1391 4492">
    <p class='ocr_par' dir='ltr' id='par_1_4' title="bbox 284 2194 1391 4492">
     <span class='ocr_line' id='line_1_4' title="bbox 381 2194 1391 2290; baseline 0.003 -24"><span class='ocrx_word' id='word_1_6' title='bbox 381 2194 570 2268; x_wconf 87' lang='lat' dir='ltr'>XIMIUS</span> <span class='ocrx_word' id='word_1_7' title='bbox 614 2196 874 2290; x_wconf 81' lang='lat' dir='ltr'><strong>Prophetarum</strong></span> <span class='ocrx_word' id='word_1_8' title='bbox 913 2197 1036 2282; x_wconf 88' lang='lat' dir='ltr'><strong>David,</strong></span> <span class='ocrx_word' id='word_1_9' title='bbox 1073 2221 1179 2290; x_wconf 87' lang='lat' dir='ltr'><strong>quem</strong></span> <span class='ocrx_word' id='word_1_10' title='bbox 1216 2196 1391 2270; x_wconf 75' lang='lat' dir='ltr'><strong>Dominus</strong></span> 
     </span>
     <span class='ocr_line' id='line_1_5' title="bbox 431 2310 1391 2408; baseline 0.002 -26"><span class='ocrx_word' id='word_1_11' title='bbox 431 2310 530 2384; x_wconf 89' lang='lat' dir='ltr'><strong>Deus</strong></span> <span class='ocrx_word' id='word_1_12' title='bbox 555 2314 728 2407; x_wconf 87' lang='lat' dir='ltr'><strong>praescivit</strong></span> <span class='ocrx_word' id='word_1_13' title='bbox 754 2322 838 2384; x_wconf 87' lang='lat' dir='ltr'><strong>ante</strong></span> <span class='ocrx_word' id='word_1_14' title='bbox 863 2322 1023 2406; x_wconf 89' lang='lat' dir='ltr'><strong>tempora</strong></span> <span class='ocrx_word' id='word_1_15' title='bbox 1049 2314 1221 2386; x_wconf 88' lang='lat' dir='ltr'><strong>secularia</strong></span> <span class='ocrx_word' id='word_1_16' title='bbox 1245 2322 1282 2385; x_wconf 92' lang='lat' dir='ltr'><strong>et</strong></span> <span class='ocrx_word' id='word_1_17' title='bbox 1304 2339 1391 2408; x_wconf 80' lang='lat' dir='ltr'><strong>prae·</strong></span> 
     </span>
     <span class='ocr_line' id='line_1_6' title="bbox 289 2429 1388 2522; baseline 0 -22"><span class='ocrx_word' id='word_1_18' title='bbox 289 2430 488 2512; x_wconf 88' lang='lat' dir='ltr'><strong>destinavit,</strong></span> <span class='ocrx_word' id='word_1_19' title='bbox 507 2453 683 2522; x_wconf 87' lang='lat' dir='ltr'>quemque</span> <span class='ocrx_word' id='word_1_20' title='bbox 694 2429 801 2522; x_wconf 86' lang='lat' dir='ltr'><strong>juxta</strong></span> <span class='ocrx_word' id='word_1_21' title='bbox 818 2430 1081 2522; x_wconf 89' lang='lat' dir='ltr'><strong>simplicitatem</strong></span> <span class='ocrx_word' id='word_1_22' title='bbox 1099 2439 1136 2500; x_wconf 88' lang='lat' dir='ltr'><strong>at</strong></span> <span class='ocrx_word' id='word_1_23' title='bbox 1149 2430 1388 2501; x_wconf 82' lang='lat' dir='ltr'><strong>humilitatem</strong></span> 
     </span>
     <span class='ocr_line' id='line_1_7' title="bbox 288 2545 1390 2642; baseline 0.004 -28"><span class='ocrx_word' id='word_1_24' title='bbox 288 2547 417 2615; x_wconf 90' lang='lat' dir='ltr'><strong>mentis</strong></span> <span class='ocrx_word' id='word_1_25' title='bbox 443 2545 547 2630; x_wconf 91' lang='lat' dir='ltr'><strong>illius,</strong></span> <span class='ocrx_word' id='word_1_26' title='bbox 566 2546 759 2617; x_wconf 86' lang='lat' dir='ltr'><strong>secundum</strong></span> <span class='ocrx_word' id='word_1_27' title='bbox 777 2569 956 2617; x_wconf 90' lang='lat' dir='ltr'><strong>corsuum</strong></span> <span class='ocrx_word' id='word_1_28' title='bbox 978 2547 1096 2642; x_wconf 86' lang='lat' dir='ltr'><strong>elegit,</strong></span> <span class='ocrx_word' id='word_1_29' title='bbox 1115 2555 1151 2618; x_wconf 96' lang='lat' dir='ltr'><strong>et</strong></span> <span class='ocrx_word' id='word_1_30' title='bbox 1167 2547 1234 2618; x_wconf 87' lang='lat' dir='ltr'><strong>sibi</strong></span> <span class='ocrx_word' id='word_1_31' title='bbox 1252 2547 1390 2618; x_wconf 71' lang='lat' dir='ltr'><strong>dilecta</strong></span> 
     </span>
     <span class='ocr_line' id='line_1_8' title="bbox 288 2659 1390 2756; baseline 0.004 -26"><span class='ocrx_word' id='word_1_32' title='bbox 288 2659 385 2752; x_wconf 91' lang='lat' dir='ltr'><strong>plebi</strong></span> <span class='ocrx_word' id='word_1_33' title='bbox 402 2663 593 2756; x_wconf 90' lang='lat' dir='ltr'><strong>principem</strong></span> <span class='ocrx_word' id='word_1_34' title='bbox 613 2663 810 2756; x_wconf 71' lang='lat' dir='ltr'><strong>praeposuit</strong></span> <span class='ocrx_word' id='word_1_35' title='bbox 828 2670 940 2754; x_wconf 91' lang='lat' dir='ltr'><strong>utque</strong></span> <span class='ocrx_word' id='word_1_36' title='bbox 956 2663 1114 2755; x_wconf 77' lang='lat' dir='ltr'><strong>regimen</strong></span> <span class='ocrx_word' id='word_1_37' title='bbox 1131 2662 1222 2732; x_wconf 91' lang='lat' dir='ltr'><strong>tanti</strong></span> <span class='ocrx_word' id='word_1_38' title='bbox 1240 2664 1390 2734; x_wconf 85' lang='lat' dir='ltr'><strong>nammis</strong></span> 
     </span>
     <span class='ocr_line' id='line_1_9' title="bbox 288 2776 1389 2871; baseline 0.004 -27"><span class='ocrx_word' id='word_1_39' title='bbox 288 2776 455 2847; x_wconf 91' lang='lat' dir='ltr'><strong>nobiliter</strong></span> <span class='ocrx_word' id='word_1_40' title='bbox 472 2787 509 2848; x_wconf 91' lang='lat' dir='ltr'><strong>et</strong></span> <span class='ocrx_word' id='word_1_41' title='bbox 527 2779 726 2871; x_wconf 84' lang='lat' dir='ltr'><strong>prudenter,</strong></span> <span class='ocrx_word' id='word_1_42' title='bbox 744 2779 955 2871; x_wconf 89' lang='lat' dir='ltr'><strong>disponeret,</strong></span> <span class='ocrx_word' id='word_1_43' title='bbox 973 2779 1097 2871; x_wconf 92' lang='lat' dir='ltr'><strong>spiritu</strong></span> <span class='ocrx_word' id='word_1_44' title='bbox 1108 2777 1291 2871; x_wconf 89' lang='lat' dir='ltr'><strong>principali</strong></span> <span class='ocrx_word' id='word_1_45' title='bbox 1308 2799 1389 2848; x_wconf 90' lang='lat' dir='ltr'><strong>cou-</strong></span> 
     </span>
     <span class='ocr_line' id='line_1_10' title="bbox 288 2891 1389 2988; baseline 0.005 -28"><span class='ocrx_word' id='word_1_46' title='bbox 288 2891 450 2974; x_wconf 87' lang='lat' dir='ltr'><strong>firmavit,</strong></span> <span class='ocrx_word' id='word_1_47' title='bbox 468 2901 546 2964; x_wconf 89' lang='lat' dir='ltr'><strong>tota</strong></span> <span class='ocrx_word' id='word_1_48' title='bbox 562 2895 691 2965; x_wconf 89' lang='lat' dir='ltr'><strong>mentis</strong></span> <span class='ocrx_word' id='word_1_49' title='bbox 715 2895 912 2965; x_wconf 91' lang='lat' dir='ltr'><strong>intentione</strong></span> <span class='ocrx_word' id='word_1_50' title='bbox 930 2917 968 2965; x_wconf 90' lang='lat' dir='ltr'><strong>se</strong></span> <span class='ocrx_word' id='word_1_51' title='bbox 993 2894 1162 2988; x_wconf 84' lang='lat' dir='ltr'><strong>colligens</strong></span> <span class='ocrx_word' id='word_1_52' title='bbox 1180 2895 1217 2964; x_wconf 92' lang='lat' dir='ltr'><strong>in</strong></span> <span class='ocrx_word' id='word_1_53' title='bbox 1233 2917 1389 2965; x_wconf 86' lang='lat' dir='ltr'><strong>amorem</strong></span> 
     </span>
     <span class='ocr_line' id='line_1_11' title="bbox 289 3007 1390 3103; baseline 0.006 -28"><span class='ocrx_word' id='word_1_54' title='bbox 289 3008 342 3076; x_wconf 90' lang='lat' dir='ltr'><strong>sui</strong></span> <span class='ocrx_word' id='word_1_55' title='bbox 369 3010 568 3092; x_wconf 88' lang='lat' dir='ltr'><strong>conditoris,</strong></span> <span class='ocrx_word' id='word_1_56' title='bbox 594 3009 668 3079; x_wconf 88' lang='lat' dir='ltr'><strong>haec</strong></span> <span class='ocrx_word' id='word_1_57' title='bbox 693 3011 786 3079; x_wconf 90' lang='lat' dir='ltr'><strong>inter</strong></span> <span class='ocrx_word' id='word_1_58' title='bbox 810 3009 879 3080; x_wconf 84' lang='lat' dir='ltr'><strong>alia</strong></span> <span class='ocrx_word' id='word_1_59' title='bbox 903 3009 1073 3103; x_wconf 88' lang='lat' dir='ltr'><strong>protulit:</strong></span> <span class='ocrx_word' id='word_1_60' title='bbox 1100 3007 1260 3092; x_wconf 84' lang='lat' dir='ltr'><strong>Domine,</strong></span> <span class='ocrx_word' id='word_1_61' title='bbox 1281 3008 1390 3082; x_wconf 58' lang='lat' dir='ltr'><strong>diac</strong></span> 
     </span>
     <span class='ocr_line' id='line_1_12' title="bbox 289 3120 1389 3196; baseline 0.002 -2"><span class='ocrx_word' id='word_1_62' title='bbox 289 3120 439 3195; x_wconf 79' lang='lat' dir='ltr'><strong>decorem</strong></span> <span class='ocrx_word' id='word_1_63' title='bbox 473 3123 593 3196; x_wconf 79' lang='lat' dir='ltr'><strong>domus</strong></span> <span class='ocrx_word' id='word_1_64' title='bbox 622 3132 699 3194; x_wconf 78' lang='lat' dir='ltr'><strong>turc.</strong></span> <span class='ocrx_word' id='word_1_65' title='bbox 753 3123 803 3194; x_wconf 90' lang='lat' dir='ltr'><strong>Et</strong></span> <span class='ocrx_word' id='word_1_66' title='bbox 837 3125 921 3195; x_wconf 90' lang='lat' dir='ltr'><strong>licet</strong></span> <span class='ocrx_word' id='word_1_67' title='bbox 951 3127 1004 3194; x_wconf 86' lang='lat' dir='ltr'><strong>vir</strong></span> <span class='ocrx_word' id='word_1_68' title='bbox 1032 3133 1141 3196; x_wconf 88' lang='lat' dir='ltr'><strong>tantae</strong></span> <span class='ocrx_word' id='word_1_69' title='bbox 1170 3127 1389 3196; x_wconf 82' lang='lat' dir='ltr'><strong>auctoritatis</strong></span> 
     </span>
     <span class='ocr_line' id='line_1_13' title="bbox 289 3241 1390 3334; baseline 0.002 -24"><span class='ocrx_word' id='word_1_70' title='bbox 289 3248 433 3331; x_wconf 87' lang='lat' dir='ltr'><strong>tamque</strong></span> <span class='ocrx_word' id='word_1_71' title='bbox 454 3243 591 3334; x_wconf 85' lang='lat' dir='ltr'><strong>capacis</strong></span> <span class='ocrx_word' id='word_1_72' title='bbox 617 3241 828 3324; x_wconf 88' lang='lat' dir='ltr'><strong>intellectus,</strong></span> <span class='ocrx_word' id='word_1_73' title='bbox 846 3243 991 3312; x_wconf 90' lang='lat' dir='ltr'><strong>domum</strong></span> <span class='ocrx_word' id='word_1_74' title='bbox 1017 3242 1108 3312; x_wconf 90' lang='lat' dir='ltr'><strong>hanc</strong></span> <span class='ocrx_word' id='word_1_75' title='bbox 1132 3241 1267 3312; x_wconf 85' lang='lat' dir='ltr'><strong>diceret</strong></span> <span class='ocrx_word' id='word_1_76' title='bbox 1292 3243 1390 3313; x_wconf 91' lang='lat' dir='ltr'><strong>habi-</strong></span> 
     </span>
     <span class='ocr_line' id='line_1_14' title="bbox 289 3353 1390 3451; baseline 0.004 -27"><span class='ocrx_word' id='word_1_77' title='bbox 289 3357 460 3428; x_wconf 85' lang='lat' dir='ltr'><strong>tationem</strong></span> <span class='ocrx_word' id='word_1_78' title='bbox 487 3356 640 3428; x_wconf 86' lang='lat' dir='ltr'><strong>coelestis</strong></span> <span class='ocrx_word' id='word_1_79' title='bbox 666 3359 780 3440; x_wconf 87' lang='lat' dir='ltr'><strong>curiae,</strong></span> <span class='ocrx_word' id='word_1_80' title='bbox 805 3359 842 3428; x_wconf 90' lang='lat' dir='ltr'><strong>iu</strong></span> <span class='ocrx_word' id='word_1_81' title='bbox 867 3380 937 3451; x_wconf 89' lang='lat' dir='ltr'><strong>qua</strong></span> <span class='ocrx_word' id='word_1_82' title='bbox 959 3353 1057 3428; x_wconf 87' lang='lat' dir='ltr'><strong>Deus</strong></span> <span class='ocrx_word' id='word_1_83' title='bbox 1082 3357 1254 3451; x_wconf 86' lang='lat' dir='ltr'><strong>hymnicis</strong></span> <span class='ocrx_word' id='word_1_84' title='bbox 1270 3357 1390 3451; x_wconf 81' lang='lat' dir='ltr'><strong>angel-</strong></span> 
     </span>
     <span class='ocr_line' id='line_1_15' title="bbox 289 3473 1388 3566; baseline 0.003 -25"><span class='ocrx_word' id='word_1_85' title='bbox 289 3493 389 3541; x_wconf 92' lang='lat' dir='ltr'><strong>orum</strong></span> <span class='ocrx_word' id='word_1_86' title='bbox 415 3473 529 3543; x_wconf 88' lang='lat' dir='ltr'><strong>choris</strong></span> <span class='ocrx_word' id='word_1_87' title='bbox 556 3473 792 3545; x_wconf 85' lang='lat' dir='ltr'><strong>inaestimabili</strong></span> <span class='ocrx_word' id='word_1_88' title='bbox 822 3475 984 3566; x_wconf 70' lang='lat' dir='ltr'><strong>praesidet</strong></span> <span class='ocrx_word' id='word_1_89' title='bbox 1011 3473 1181 3556; x_wconf 88' lang='lat' dir='ltr'><strong>claritate,</strong></span> <span class='ocrx_word' id='word_1_90' title='bbox 1212 3473 1255 3544; x_wconf 91' lang='lat' dir='ltr'><strong>ad</strong></span> <span class='ocrx_word' id='word_1_91' title='bbox 1282 3497 1388 3564; x_wconf 90' lang='lat' dir='ltr'><strong>quam</strong></span> 
     </span>
     <span class='ocr_line' id='line_1_16' title="bbox 288 3585 1388 3684; baseline 0.004 -28"><span class='ocrx_word' id='word_1_92' title='bbox 288 3587 364 3678; x_wconf 88' lang='lat' dir='ltr'><strong>ipsa</strong></span> <span class='ocrx_word' id='word_1_93' title='bbox 390 3589 475 3660; x_wconf 87' lang='lat' dir='ltr'><strong>totis</strong></span> <span class='ocrx_word' id='word_1_94' title='bbox 498 3589 689 3659; x_wconf 79' lang='lat' dir='ltr'><strong>visceribus</strong></span> <span class='ocrx_word' id='word_1_95' title='bbox 715 3589 914 3672; x_wconf 86' lang='lat' dir='ltr'><strong>anhelabat,</strong></span> <span class='ocrx_word' id='word_1_96' title='bbox 941 3589 1083 3660; x_wconf 89' lang='lat' dir='ltr'><strong>dicens:</strong></span> <span class='ocrx_word' id='word_1_97' title='bbox 1119 3585 1232 3660; x_wconf 82' lang='lat' dir='ltr'><strong>Unam</strong></span> <span class='ocrx_word' id='word_1_98' title='bbox 1252 3589 1341 3684; x_wconf 82' lang='lat' dir='ltr'><strong>petii</strong></span> <span class='ocrx_word' id='word_1_99' title='bbox 1355 3613 1388 3660; x_wconf 76' lang='lat' dir='ltr'><strong>a</strong></span> 
     </span>
     <span class='ocr_line' id='line_1_17' title="bbox 287 3699 1390 3798; baseline 0.002 -25"><span class='ocrx_word' id='word_1_100' title='bbox 287 3699 452 3784; x_wconf 77' lang='lat' dir='ltr'><strong>Domino,</strong></span> <span class='ocrx_word' id='word_1_101' title='bbox 477 3701 566 3774; x_wconf 78' lang='lat' dir='ltr'><strong>hunc</strong></span> <span class='ocrx_word' id='word_1_102' title='bbox 588 3705 772 3798; x_wconf 82' lang='lat' dir='ltr'><strong>requiram,</strong></span> <span class='ocrx_word' id='word_1_103' title='bbox 798 3713 836 3775; x_wconf 85' lang='lat' dir='ltr'><strong>ut</strong></span> <span class='ocrx_word' id='word_1_104' title='bbox 858 3703 1040 3777; x_wconf 76' lang='lat' dir='ltr'><strong>inhabitem</strong></span> <span class='ocrx_word' id='word_1_105' title='bbox 1064 3707 1102 3776; x_wconf 81' lang='lat' dir='ltr'><strong>ia</strong></span> <span class='ocrx_word' id='word_1_106' title='bbox 1125 3703 1224 3777; x_wconf 83' lang='lat' dir='ltr'><strong>domo</strong></span> <span class='ocrx_word' id='word_1_107' title='bbox 1240 3701 1390 3776; x_wconf 79' lang='lat' dir='ltr'><strong>Domini</strong></span> 
     </span>
     <span class='ocr_line' id='line_1_18' title="bbox 288 3817 1387 3913; baseline 0 -23"><span class='ocrx_word' id='word_1_108' title='bbox 288 3817 441 3890; x_wconf 81' lang='lat' dir='ltr'><strong>omnibus</strong></span> <span class='ocrx_word' id='word_1_109' title='bbox 476 3817 592 3891; x_wconf 81' lang='lat' dir='ltr'><strong>dicbus</strong></span> <span class='ocrx_word' id='word_1_110' title='bbox 625 3821 705 3892; x_wconf 75' lang='lat' dir='ltr'><strong>vitre</strong></span> <span class='ocrx_word' id='word_1_111' title='bbox 738 3845 844 3902; x_wconf 62' lang='lat' dir='ltr'><strong>mem</strong></span> <span class='ocrx_word' id='word_1_112' title='bbox 872 3821 945 3892; x_wconf 87' lang='lat' dir='ltr'><strong>sive</strong></span> <span class='ocrx_word' id='word_1_113' title='bbox 975 3820 1237 3913; x_wconf 85' lang='lat' dir='ltr'><strong>receptaculum</strong></span> <span class='ocrx_word' id='word_1_114' title='bbox 1268 3821 1387 3892; x_wconf 87' lang='lat' dir='ltr'><strong>devoti</strong></span> 
     </span>
     <span class='ocr_line' id='line_1_19' title="bbox 287 3935 1387 4029; baseline 0.003 -26"><span class='ocrx_word' id='word_1_115' title='bbox 287 3935 439 4026; x_wconf 88' lang='lat' dir='ltr'><strong>pectoris</strong></span> <span class='ocrx_word' id='word_1_116' title='bbox 466 3943 503 4005; x_wconf 93' lang='lat' dir='ltr'><strong>et</strong></span> <span class='ocrx_word' id='word_1_117' title='bbox 530 3937 705 4029; x_wconf 90' lang='lat' dir='ltr'><strong>purissimi</strong></span> <span class='ocrx_word' id='word_1_118' title='bbox 731 3939 852 4020; x_wconf 87' lang='lat' dir='ltr'><strong>cordis,</strong></span> <span class='ocrx_word' id='word_1_119' title='bbox 881 3937 938 4006; x_wconf 91' lang='lat' dir='ltr'><strong>cui</strong></span> <span class='ocrx_word' id='word_1_120' title='bbox 965 3960 1048 4008; x_wconf 87' lang='lat' dir='ltr'><strong>vere</strong></span> <span class='ocrx_word' id='word_1_121' title='bbox 1074 3935 1173 4007; x_wconf 87' lang='lat' dir='ltr'><strong>Deua</strong></span> <span class='ocrx_word' id='word_1_122' title='bbox 1203 3936 1387 4017; x_wconf 87' lang='lat' dir='ltr'><strong>inhabitat,</strong></span> 
     </span>
     <span class='ocr_line' id='line_1_20' title="bbox 287 4047 1388 4146; baseline 0.001 -26"><span class='ocrx_word' id='word_1_123' title='bbox 287 4052 387 4143; x_wconf 88' lang='lat' dir='ltr'><strong>cujus</strong></span> <span class='ocrx_word' id='word_1_124' title='bbox 413 4051 560 4143; x_wconf 90' lang='lat' dir='ltr'><strong>hospitis</strong></span> <span class='ocrx_word' id='word_1_125' title='bbox 590 4052 763 4124; x_wconf 88' lang='lat' dir='ltr'><strong>desiderio</strong></span> <span class='ocrx_word' id='word_1_126' title='bbox 792 4054 887 4123; x_wconf 90' lang='lat' dir='ltr'><strong>idem</strong></span> <span class='ocrx_word' id='word_1_127' title='bbox 911 4051 1061 4145; x_wconf 82' lang='lat' dir='ltr'><strong>flagrans</strong></span> <span class='ocrx_word' id='word_1_128' title='bbox 1086 4059 1182 4122; x_wconf 89' lang='lat' dir='ltr'><strong>orat:</strong></span> <span class='ocrx_word' id='word_1_129' title='bbox 1212 4047 1388 4146; x_wconf 80' lang='lat' dir='ltr'><strong>Spiritum</strong></span> 
     </span>
     <span class='ocr_line' id='line_1_21' title="bbox 284 4166 1387 4251; baseline 0.001 -14"><span class='ocrx_word' id='word_1_130' title='bbox 284 4176 412 4239; x_wconf 79' lang='lat' dir='ltr'><strong>rectum</strong></span> <span class='ocrx_word' id='word_1_131' title='bbox 434 4169 559 4239; x_wconf 80' lang='lat' dir='ltr'><strong>innovo</strong></span> <span class='ocrx_word' id='word_1_132' title='bbox 576 4169 615 4238; x_wconf 81' lang='lat' dir='ltr'><strong>ia</strong></span> <span class='ocrx_word' id='word_1_133' title='bbox 640 4167 821 4240; x_wconf 60' lang='lat' dir='ltr'><strong>cucumae</strong></span> <span class='ocrx_word' id='word_1_134' title='bbox 839 4170 931 4251; x_wconf 79' lang='lat' dir='ltr'><strong>orcis,</strong></span> <span class='ocrx_word' id='word_1_135' title='bbox 949 4166 1123 4240; x_wconf 80' lang='lat' dir='ltr'><strong>Domine:</strong></span> <span class='ocrx_word' id='word_1_136' title='bbox 1150 4176 1270 4238; x_wconf 89' lang='lat' dir='ltr'><strong>tamen</strong></span> <span class='ocrx_word' id='word_1_137' title='bbox 1287 4190 1387 4238; x_wconf 89' lang='lat' dir='ltr'><strong>orna-</strong></span> 
     </span>
     <span class='ocr_line' id='line_1_22' title="bbox 287 4281 1388 4377; baseline -0.001 -24"><span class='ocrx_word' id='word_1_138' title='bbox 287 4292 365 4354; x_wconf 90' lang='lat' dir='ltr'><strong>tum</strong></span> <span class='ocrx_word' id='word_1_139' title='bbox 383 4283 572 4355; x_wconf 80' lang='lat' dir='ltr'><strong>materialis</strong></span> <span class='ocrx_word' id='word_1_140' title='bbox 589 4283 715 4353; x_wconf 89' lang='lat' dir='ltr'><strong>domus</strong></span> <span class='ocrx_word' id='word_1_141' title='bbox 733 4281 813 4364; x_wconf 91' lang='lat' dir='ltr'><strong>Dei,</strong></span> <span class='ocrx_word' id='word_1_142' title='bbox 832 4308 908 4377; x_wconf 87' lang='lat' dir='ltr'><strong>quae</strong></span> <span class='ocrx_word' id='word_1_143' title='bbox 925 4284 1022 4356; x_wconf 90' lang='lat' dir='ltr'><strong>locus</strong></span> <span class='ocrx_word' id='word_1_144' title='bbox 1039 4293 1093 4356; x_wconf 88' lang='lat' dir='ltr'><strong>est</strong></span> <span class='ocrx_word' id='word_1_145' title='bbox 1111 4285 1287 4366; x_wconf 90' lang='lat' dir='ltr'><strong>orationis,</strong></span> <span class='ocrx_word' id='word_1_146' title='bbox 1305 4305 1388 4353; x_wconf 89' lang='lat' dir='ltr'><strong>cun-</strong></span> 
     </span>
     <span class='ocr_line' id='line_1_23' title="bbox 286 4400 723 4492; baseline -0.005 -24"><span class='ocrx_word' id='word_1_147' title='bbox 286 4411 356 4471; x_wconf 87' lang='lat' dir='ltr'><strong>stat</strong></span> <span class='ocrx_word' id='word_1_148' title='bbox 374 4425 455 4472; x_wconf 89' lang='lat' dir='ltr'><strong>eum</strong></span> <span class='ocrx_word' id='word_1_149' title='bbox 474 4400 723 4492; x_wconf 85' lang='lat' dir='ltr'><strong>concupivisse.</strong></span> 
     </span>
    </p>
   </div>
   <div class='ocr_carea' id='block_1_5' title="bbox 1606 4381 1610 4478">
    <p class='ocr_par' dir='ltr' id='par_1_5' title="bbox 1606 4349 1610 4524">
     <span class='ocr_line' id='line_1_24' title="bbox 1606 4381 1610 4478; baseline 0 26"><span class='ocrx_word' id='word_1_150' title='bbox 1606 4381 1610 4478; x_wconf 69' lang='lat'>¹</span> 
     </span>
    </p>
   </div>
   <div class='ocr_carea' id='block_1_6' title="bbox 0 0 1622 5144">
    <p class='ocr_par' dir='ltr' id='par_1_6' title="bbox 0 0 1622 5144">
     <span class='ocr_line' id='line_1_25' title="bbox 0 0 1622 5144; baseline 0 0"><span class='ocrx_word' id='word_1_151' title='bbox 0 0 1622 5144; x_wconf 95' lang='lat' dir='ltr'><strong> </strong></span> 
     </span>
    </p>
   </div>
  </div>
 </body>
</html>
