3236 5144
330 451 395 514 262
683 469 875 514 rusorum
901 469 1007 512 mana
1029 469 1084 512 ιιι.

328 621 540 707 aequalitatem
564 621 662 685 totius
686 629 831 706 patenam
861 643 957 707 quem
984 620 1087 684 fodies
1111 620 1267 686 subtiliter
1292 631 1326 684 et
1348 619 1443 684 deni·

329 723 447 808 grabis,
469 723 686 810 reliquamque
711 733 861 810 patenam
884 715 1064 801 deaurabis,
1087 731 1120 787 et
1143 721 1243 809 polies
1265 731 1442 808 utrumque

331 825 413 890 sicut
428 825 582 912 superius.

657 1321 899 1420 oAPUr
959 1321 1127 1419 XLV.

775 1561 820 1604 DE
845 1561 1000 1604 Florum.

337 1727 618 1881 FlSTULUM
636 1750 763 1814 quoque
779 1727 876 1791 facies
892 1726 926 1789 in
948 1725 1047 1790 calice
1062 1725 1124 1791 hoc
1147 1727 1254 1791 modo.
1301 1725 1366 1791 Fac
1383 1727 1446 1792 tibi

434 1831 550 1895 sermm
574 1831 772 1916 longitudine
799 1830 913 1915 palmae
935 1830 1029 1894 unius
1052 1839 1084 1894 et
1098 1838 1235 1920 quatuor
1257 1831 1444 1916 digitorum,

336 1933 423 2019 quod
450 1933 482 1995 in
508 1954 573 1996 una
602 1933 784 1996 summitate
807 1932 900 1996 valde
924 1933 965 1996 sit
988 1930 1117 2018 gracile,
1132 1943 1165 1996 et
1190 1931 1264 1995 inde
1287 1932 1447 2017 procedat

336 2036 478 2120 grossius
493 2055 594 2120 usque
609 2033 651 2097 ad
667 2034 799 2097 alteram
818 2033 1045 2112 summitatem,
1061 2055 1133 2119 quae
1148 2034 1189 2097 sit
1203 2035 1286 2098 sicut
1300 2033 1444 2112 fesmca;

336 2135 440 2220 sitque
455 2135 571 2199 ferrum
589 2135 760 2199 rotundum
775 2146 808 2198 et
819 2136 982 2222 aequaliter
997 2135 1151 2198 limatum.
1197 2135 1346 2221 Cumque
1361 2145 1446 2199 atte-

337 2239 483 2302 nuaveris
507 2247 673 2325 argentum
701 2259 825 2324 pumm,
842 2237 998 2323 complica
1021 2236 1098 2300 illud
1122 2238 1204 2300 circa
1228 2237 1290 2301 hoo
1313 2238 1445 2318 ferrum,

338 2342 535 2428 conjungens
561 2341 758 2404 summitates
783 2341 945 2426 aequaliter
968 2362 1041 2403 cum
1066 2339 1153 2417 lima,
1167 2340 1331 2426 ejectoque
1357 2340 1444 2404 ferro

340 2443 430 2507 mitte
454 2444 487 2506 in
514 2442 621 2530 ignem
648 2450 680 2506 et
706 2441 818 2506 solida.
864 2441 1005 2506 Rursum
1031 2442 1181 2527 imposito
1208 2441 1290 2504 ferro
1314 2451 1447 2527 percute

339 2565 413 2608 cum
429 2545 543 2608 malleo
559 2545 720 2631 aequaliter
735 2566 790 2630 per
806 2544 914 2608 omnia
936 2545 1071 2624 tamdiu,
1088 2545 1192 2606 donec
1210 2543 1362 2628 junctura
1377 2564 1447 2607 nou

339 2656 502 2732 appareat.
546 2646 672 2710 Deinde
683 2644 733 2710 fac
746 2646 865 2709 nodum
879 2647 1080 2732 singulariter
1092 2645 1263 2708 rotundum
1273 2652 1305 2708 et
1316 2667 1446 2723 cavum,

338 2748 404 2811 sire
421 2749 675 2834 quadrangulum
691 2758 722 2811 et
737 2749 884 2827 solidum,
896 2757 928 2811 et
943 2750 993 2811 lac
1009 2748 1040 2810 in
1056 2770 1094 2812 eo
1110 2747 1275 2825 foramem,
1291 2767 1347 2832 per
1356 2747 1447 2832 quod

341 2849 529 2913 immittatur
546 2849 649 2913 fistula
666 2850 706 2913 ab
722 2849 860 2914 inferiori
877 2858 976 2934 parte,
992 2871 1095 2935 usque
1111 2869 1192 2932 pene
1207 2847 1248 2911 ad
1271 2869 1446 2926 summum,

340 2949 448 3033 sicque
464 2950 565 3034 ejecto
582 2951 663 3014 ferro
679 2973 802 3015 rursum
819 2951 970 3015 solidabis
987 2972 1042 3036 per
1064 2951 1182 3014 omnia.
1228 2947 1375 3035 Cumque
1390 2951 1447 3012 fir·

342 3071 429 3111 mum
454 3049 557 3129 suerit,
573 3050 678 3115 denuo
705 3053 855 3139 imposito
871 3054 954 3116 ferro
978 3052 1133 3138 percuties
1149 3051 1290 3137 undique
1314 3073 1333 3113 a
1356 3051 1445 3114 nodo

341 3150 489 3215 deorsum
505 3151 607 3215 donec
623 3155 756 3239 aequalis
771 3155 828 3218 fiat
843 3167 876 3218 et
890 3155 1004 3240 rigida,
1020 3165 1052 3216 et
1066 3176 1086 3216 a
1101 3153 1187 3216 nodo
1203 3175 1327 3216 sursum
1343 3153 1448 3216 silicet

341 3274 379 3316 ea
394 3263 493 3339 parte,
519 3275 591 3339 quae
606 3255 698 3318 latior
714 3265 746 3318 et
760 3256 901 3341 grossior
925 3266 984 3333 est,
1002 3257 1130 3340 impone
1155 3254 1272 3318 ferrum
1289 3263 1393 3332 tenue,
1412 3263 1446 3317 et

341 3357 440 3418 latum
456 3356 631 3420 secundum
647 3356 889 3442 amplitudinem
905 3358 1030 3436 fistulae,
1046 3367 1142 3443 atque
1157 3377 1229 3420 cum
1247 3355 1361 3419 malleo
1370 3377 1444 3440 per-

342 3467 415 3521 cute
442 3479 537 3542 super
552 3459 709 3537 incudem,
724 3459 769 3522 ita
793 3468 828 3522 ut
852 3458 996 3522 foramen
1012 3459 1153 3543 superius
1177 3459 1217 3521 sit
1232 3457 1388 3544 quadrum
1412 3467 1447 3521 et

342 3567 447 3636 tenue,
472 3559 595 3645 quoda
616 3563 701 3624 nodo
717 3583 841 3624 sursum
866 3582 959 3645 super
975 3560 1106 3624 calicem
1130 3559 1268 3623 eminere
1290 3558 1395 3638 debet,
1412 3569 1446 3623 et

343 3681 396 3723 ore
419 3662 529 3738 teneri,
550 3660 678 3725 inferius
701 3683 774 3725 vero
791 3662 961 3725 rotundum
978 3671 1010 3725 et
1031 3661 1159 3748 gracile.
1204 3660 1279 3736 Quo
1303 3661 1402 3741 lacto,
1417 3662 1445 3725 si

345 3759 492 3838 volueris,
508 3762 627 3826 nodum
642 3785 715 3827 cum
730 3765 846 3849 nigello
861 3765 983 3827 variare
993 3763 1120 3849 poteris,
1134 3772 1169 3826 et
1183 3763 1338 3848 reliquam
1355 3765 1445 3827 fistu-

344 3863 407 3926 lam
424 3864 534 3928 ordine
546 3889 609 3952 quo
626 3889 721 3953 supra
736 3868 913 3931 deaurabis
960 3867 1032 3931 Hoc
1048 3866 1178 3931 omnino
1200 3887 1288 3944 cave,
1299 3876 1334 3928 ut
1348 3888 1446 3930 omne

344 3977 511 4052 argentum
529 3969 665 4054 spissum
682 3971 768 4055 quod
784 3971 934 4033 deaurare
949 3969 1096 4048 volueris,
1115 3967 1229 4031 sivein
1245 3968 1378 4055 scypho,
1395 3968 1446 4032 vel

343 4069 476 4134 scutella
491 4080 546 4132 aut
569 4071 717 4156 ampulla,
745 4073 866 4136 fortiter
885 4072 989 4150 radas,
1008 4071 1084 4158 quia
1109 4071 1142 4132 in
1170 4071 1374 4155 percutiendo
1401 4071 1444 4136 ab

343 4173 418 4257 igne
434 4183 466 4236 et
491 4175 605 4235 malleo
621 4183 725 4236 cutem
746 4195 784 4236 ex
808 4197 843 4238 se
867 4173 974 4252 trahit,
991 4173 1099 4257 quaesi
1124 4171 1237 4236 abrasa
1260 4194 1325 4236 non
1342 4173 1446 4252 suerit,
