3228 5134
291 493 330 556 10
646 509 838 556 rnnornrsr
863 509 966 554 urana
991 513 1013 554 r.

288 662 380 748 pillos
402 670 434 724 et
454 661 569 726 barbas
591 683 714 741 senum,
729 671 762 728 at
777 663 827 726 sac
842 671 993 728 uastatos
1009 683 1048 726 ex
1064 663 1176 726 eodem
1192 663 1308 740 colore,
1324 662 1382 725 ad-

287 763 387 826 mixto
402 764 430 826 ei
445 763 536 850 nigro
551 763 686 849 amplius
701 773 733 828 et
754 763 881 829 modico
904 764 1012 844 rubeo,
1034 772 1067 827 et
1089 764 1230 828 illumina
1245 787 1283 827 eo
1298 763 1381 828 unde

288 863 464 950 decrepitos
489 863 685 952 impleveras.
740 865 791 932 Eo
817 867 937 946 ordine,
961 865 988 932 si
1012 865 1070 946 vis,
1097 865 1201 930 adhuc
1228 864 1381 951 nigriores

288 965 419 1052 capillos
434 974 466 1030 et
480 965 596 1030 barbas
611 987 776 1054 compone.

603 1335 837 1432 CAPUT
893 1335 1056 1432 XHL

411 1555 457 1600 DE
480 1555 621 1602 munst
644 1557 686 1602 ΕΤ
709 1556 849 1602 onustus
872 1555 1061 1602 COLORIBUS
1084 1554 1263 1601 VULTUUM.

382 1705 531 1772 EINDE
545 1708 686 1774 admisce
701 1708 799 1774 rubeo
820 1706 979 1771 modicum
994 1705 1087 1792 nigri,
1102 1705 1155 1792 qui
1170 1707 1257 1771 color
1271 1704 1385 1770 dicitur
1439 1787 1447 1798 ,

402 1810 532 1890 exudra,
548 1819 581 1876 et
595 1812 646 1877 fac
660 1811 734 1876 inde
748 1819 869 1876 tractus
884 1811 968 1874 circa
982 1811 1135 1889 vultuum,
1157 1809 1292 1896 pupillas
1308 1832 1384 1874 ocu-

291 1911 405 1989 lorum,
421 1920 453 1975 et
467 1911 499 1976 in
515 1913 620 1977 medio
635 1913 708 1992 oris,
718 1922 751 1978 et
764 1912 895 1978 subtiles
910 1911 1121 1976 tra'ctusinter
1135 1933 1172 1975 os
1186 1919 1219 1974 et
1232 1919 1384 1975 mentum.

294 2009 375 2076 Post
389 2009 457 2075 haec
473 2035 546 2076 cum
562 2014 695 2100 simplici
711 2015 809 2080 rubeo
823 2015 873 2080 fac
888 2011 1064 2101 supercilia,
1076 2022 1109 2077 et
1123 2013 1253 2078 subtiles
1267 2021 1386 2077 tractus

291 2113 372 2176 inter
398 2113 508 2178 oculos
532 2124 565 2179 et
589 2116 755 2202 supercilia
778 2125 811 2180 et
834 2115 943 2180 oculos
966 2113 1104 2194 inferius,
1128 2115 1161 2179 in
1188 2115 1282 2200 plena
1306 2115 1386 2179 facie

293 2236 406 2279 nasum
428 2215 461 2278 in
479 2215 610 2282 dextera
630 2217 742 2304 parte¹,
768 2237 956 2304 supernares
971 2237 1011 2280 ex
1034 2225 1168 2304 utraque
1182 2225 1282 2304 parte,
1303 2225 1335 2281 et
1350 2239 1387 2280 os

293 2317 432 2397 inferius,
459 2327 491 2382 et
514 2317 598 2382 circa
618 2319 751 2384 frontem
770 2327 802 2383 et
817 2319 962 2384 maxillas
976 2341 1088 2384 senum
1102 2318 1243 2398 interius,
1259 2328 1291 2383 et
1304 2319 1388 2384 circa

293 2419 411 2505 digitos
430 2441 581 2484 manuum
608 2430 640 2485 et
663 2421 812 2486 articulos
836 2419 953 2506 pedum
974 2421 1114 2502 interius,
1134 2428 1167 2484 et
1180 2421 1213 2484 in
1235 2443 1389 2486 conversa

294 2521 374 2584 sacia
389 2522 473 2586 circa
492 2543 584 2586 nares
604 2523 638 2586 iu
661 2522 809 2588 anteriori
829 2531 929 2610 parte.
989 2520 1162 2608 Supercilia
1181 2545 1256 2586 vcro
1276 2545 1387 2587 senum

293 2624 359 2688 sive
374 2625 603 2712 decrepitorum
628 2625 724 2690 facies
747 2647 820 2690 cum
836 2623 968 2705 veneda,
990 2624 1074 2690 unde
1093 2625 1229 2710 pupillas
1243 2625 1387 2710 implesti.

296 2726 423 2792 Deinde
438 2749 511 2791 cum
527 2727 661 2813 simplici
685 2727 776 2814 nigro
795 2727 950 2813 juvenum
974 2727 1139 2812 supercilia
1163 2727 1271 2806 facies,
1290 2727 1334 2790 ita
1352 2735 1389 2790 ut

294 2830 437 2914 superius
460 2828 690 2915 aliquantulum
716 2829 804 2893 rubei
829 2837 990 2916 appareat,
1015 2838 1047 2893 et
1070 2829 1178 2893 oculos
1201 2829 1343 2914 superius
1357 2836 1389 2891 ct

295 2930 452 2994 foramina
473 2931 607 3012 narium,
630 2940 663 2995 et
686 2953 722 2996 os
745 2952 784 2994 ex
799 2939 932 3018 utraque
946 2939 1045 3015 parte,
1059 2939 1093 2994 et
1115 2929 1199 2993 circa
1223 2930 1388 3010 auriculas,

295 3053 410 3096 manus
433 3041 466 3096 et
487 3031 606 3119 digitos
629 3033 778 3113 exterius,
804 3041 837 3098 et
861 3032 1010 3098 articulos
1034 3039 1067 3094 et
1091 3039 1220 3095 caeteros
1249 3031 1389 3116 corporis

295 3141 426 3198 tractus.
481 3133 603 3200 Omnes
630 3157 705 3201 vero
725 3143 845 3200 tractus
867 3133 951 3202 circa
974 3132 1060 3196 nuda
1083 3152 1216 3218 corpora
1239 3132 1289 3198 sae
1315 3153 1389 3200 cum

297 3235 404 3318 rubeo,
419 3246 451 3302 et
466 3259 588 3324 ungues
603 3237 786 3325 designabis
802 3259 875 3302 cum
890 3233 1035 3302 exteriori
1049 3255 1129 3298 rosa.

624 3602 859 3705 CAPUT
918 3599 1058 3697 xla

439 3831 485 3876 DE
507 3831 663 3877 usurum
685 3823 977 3872 VES'HHENTORUM
1001 3821 1037 3866 IN
1062 3821 1247 3874 mausum.

403 3981 504 4050 ISCE
519 3984 640 4050 manisc
655 4001 728 4047 cum
743 3978 820 4044 folio
831 3977 896 4042 sire
911 3995 984 4040 cum
993 3976 1094 4061 nigro,
1104 3983 1136 4039 et
1146 3973 1273 4037 modico
1285 3973 1392 4050 rubeo,

421 4095 453 4150 et
467 4086 563 4173 imple
578 4085 809 4150 vestimentum.
855 4079 1006 4144 Admisce
1028 4077 1123 4142 etiam
1138 4076 1299 4140 modicum
1312 4074 1392 4160 nigri

300 4195 332 4250 et
347 4187 396 4250 fac
419 4197 547 4254 tractus.
594 4186 720 4254 Deinde
735 4185 832 4250 misce
846 4183 932 4246 lazur
945 4202 1018 4244 cunr
1035 4180 1160 4244 modico
1175 4179 1306 4260 maniae,
1328 4177 1393 4241 sive

336 4373 341 4404 ¹
355 4373 380 4424 si
390 4377 421 4424 od
432 4375 550 4424 doxmrum
561 4349 649 4438 pmtem
660 4373 782 4435 respiciens
796 4375 909 4434 pertracta
920 4369 956 4418 vel
967 4370 1064 4432 figurata
1075 4371 1106 4418 sit
1116 4369 1199 4426 heieu
1209 4373 1250 4415 sut
1258 4367 1283 4414 in
1294 4366 1394 4420 sinistre,

301 4457 320 4504 si
332 4457 362 4504 sd
373 4457 489 4506 sinistrum
499 4463 615 4504 vertatur:
637 4457 678 4504 Dc
690 4457 746 4503 θαι.
759 4456 814 4512 Rep,
