3236 5144
292 509 357 570 270
650 525 840 569 runoernm
866 525 972 568 mssa
995 525 1050 568 111.

292 677 395 741 donec
420 697 602 761 percussum
627 697 692 740 non
717 674 905 761 frangatur¹.
951 674 1027 750 Quo
1052 675 1140 740 facto
1165 697 1260 740 omne
1283 697 1400 740 aurum

293 778 407 864 pariter
419 777 526 855 funde,
538 786 570 841 et
585 776 617 840 in
632 799 729 840 unam
743 799 880 840 massam
897 777 1016 862 redige,
1028 787 1124 864 atque
1138 799 1231 863 super
1243 787 1400 842 stateram

293 901 332 943 eo
355 879 462 958 modo,
486 903 550 966 quo
577 890 745 966 argentum
772 879 915 966 superius
942 878 1086 957 divisisti,
1109 879 1235 958 diride3
1266 879 1401 966 parique

294 979 405 1043 ordine
439 981 613 1044 secuudum
648 981 782 1044 formam
818 1001 915 1066 quam
946 980 1092 1059 volueris,
1123 981 1232 1067 sicque
1268 1002 1326 1066 pro
1361 989 1403 1043 ut

293 1081 419 1145 libuerit
439 1083 594 1146 auriculas
615 1082 776 1147 formabis.
822 1081 920 1156 Quod
943 1082 969 1145 si
991 1104 1087 1168 opere
1108 1091 1271 1170 gemmato
1292 1082 1401 1145 facere

294 1182 440 1261 volueris,
465 1194 592 1270 percute
614 1184 694 1248 duas
717 1194 823 1270 partes
846 1185 913 1246 auri
936 1193 1001 1247 tam
1025 1194 1148 1264 tenues,
1171 1193 1207 1248 ut
1228 1184 1400 1270 vestigium

293 1285 420 1370 ungulae
435 1285 535 1369 possit
550 1287 578 1349 ei
593 1286 739 1371 imprimi,
756 1296 787 1350 et
802 1307 857 1349 eas
872 1285 976 1348 incide
992 1286 1032 1351 ed
1048 1287 1164 1366 formd,
1180 1287 1246 1373 qud
1260 1287 1401 1352 volueris

295 1388 449 1451 auriculas
475 1387 601 1465 habere,
627 1411 697 1475 quae
728 1397 833 1474 partes
860 1396 1004 1472 utraeque
1032 1389 1073 1452 ad
1100 1411 1198 1453 unam
1225 1388 1400 1453 auriculam

294 1489 459 1573 pertinent.
507 1490 632 1554 Deinde
647 1512 803 1576 compone
818 1489 1024 1554 solidaturam
1041 1490 1102 1555 hoc
1119 1490 1228 1556 modo.

644 2155 878 2252 CAPUT
937 2155 1026 2252 LI.

648 2392 693 2436 DE
716 2391 933 2437 sonnerunt
956 2394 1049 2438 AUBI.

376 2555 493 2620 OLLE
507 2557 626 2621 cineres
642 2557 795 2642 fagineos,
807 2566 840 2620 et
851 2558 902 2621 fac
917 2558 991 2622 inde
1002 2558 1151 2638 lexiram,
1163 2581 1260 2647 quam
1275 2581 1402 2624 rursum

401 2660 520 2724 colabis
546 2682 603 2746 per
627 2660 758 2726 eosdem
787 2660 920 2740 cineres,
951 2671 986 2724 ut
1015 2663 1118 2748 spissa
1148 2662 1214 2726 fiat.
1259 2661 1402 2725 Rursum

300 2763 392 2826 mitte
408 2763 440 2825 in
465 2763 614 2849 patellam
631 2773 664 2826 et
686 2785 791 2849 coque
806 2785 907 2850 usque
929 2764 969 2827 ad
986 2765 1111 2828 tertiam
1134 2773 1267 2851 partem,
1285 2774 1318 2828 et
1337 2764 1402 2827 im-

302 2886 386 2949 pone
405 2866 433 2928 ei
456 2865 616 2928 modicum
639 2865 818 2950 smigmatis
833 2874 865 2928 et
887 2888 996 2951 parurn
1022 2868 1138 2930 arviuae
1160 2867 1259 2930 suillae
1274 2867 1402 2930 veteris.

302 2965 450 3052 Cumque
466 2965 614 3051 frigidum
630 2966 723 3030 fuerit
745 2976 777 3031 et
791 2968 952 3047 resederit,
967 2970 1038 3033 cola
1060 2969 1227 3054 diligenter
1249 2990 1306 3054 per
1320 2990 1402 3054 pan-

303 3089 380 3130 num
396 3077 428 3131 et
444 3069 530 3133 mitte
546 3069 577 3130 in
594 3090 650 3132 vas
661 3090 823 3155 cupreum,
835 3071 922 3156 quod
937 3072 978 3134 sit
989 3093 1028 3134 ex
1042 3073 1131 3134 omni
1146 3079 1236 3155 parte
1251 3069 1400 3147 solidum,

302 3181 436 3257 excepto
453 3171 580 3235 modico
603 3171 767 3250 foramine,
782 3174 868 3258 quod
890 3174 1033 3258 superius
1056 3173 1202 3250 emineat,
1217 3171 1401 3250 rotundum,

303 3282 339 3337 ut
354 3274 454 3360 possit
467 3275 568 3360 digito
581 3274 712 3338 obstrui.
759 3273 839 3338 Post
854 3275 923 3339 baec
938 3277 1012 3339 tolle
1024 3285 1145 3360 partem
1158 3275 1247 3360 cupri
1262 3285 1400 3351 tenuem,

303 3399 398 3463 quem
415 3375 608 3441 madefacias
630 3397 723 3462 aqua,
739 3385 771 3439 et
793 3377 920 3441 fricabis
936 3399 1114 3462 supeream
1137 3377 1236 3440 salem
1252 3397 1292 3438 ex
1314 3385 1401 3437 utra·

304 3501 366 3565 que
382 3490 481 3564 parte,
498 3479 665 3564 mittesque
688 3479 720 3540 in
735 3477 853 3563 ignem,
868 3489 987 3542 etcum
1010 3477 1174 3543 canduerit
1196 3477 1346 3562 extingue
1367 3476 1402 3539 iu

304 3580 388 3666 pelvi
404 3581 522 3644 munde
537 3591 569 3644 et
590 3602 667 3666 pura
683 3602 776 3666 aqua,
791 3580 824 3644 in
847 3603 912 3667 qua
927 3591 1066 3645 servetur
1081 3579 1231 3668 quicquid
1247 3601 1287 3643 ex
1302 3600 1401 3664 cupro

304 3680 508 3745 comburitur.
552 3682 756 3769 Rursumque
779 3682 859 3746 frica
889 3683 986 3747 salem
1018 3705 1113 3769 supra
1140 3705 1271 3768 cuprum
1294 3691 1326 3744 et
1349 3681 1402 3745 fac

305 3783 388 3848 sicut
411 3784 507 3869 prius,
522 3793 554 3848 et
579 3784 641 3849 hoc
665 3784 788 3848 tamdiu
811 3785 912 3849 donec
934 3787 1080 3850 sufficiat.
1127 3785 1252 3848 Deinde
1273 3782 1403 3847 effunde

305 3909 421 3974 aquam
448 3896 480 3950 et
503 3887 628 3951 exsicca
642 3889 804 3974 pulverem
828 3887 860 3950 in
884 3910 1001 3974 cupreo
1024 3909 1110 3967 vase,
1126 3897 1157 3951 et
1181 3897 1246 3950 tere
1269 3907 1342 3950 eum
1367 3885 1402 3946 io

306 3990 419 4054 eodem
431 4011 506 4054 vase
518 4012 590 4054 cum
607 3989 707 4055 ferreo
723 3991 837 4054 malleo
853 3991 955 4055 donec
970 3990 1171 4054 tenuissimus
1184 3988 1251 4068 fiat,
1264 4009 1403 4074 ponens-

305 4115 368 4178 que
393 4115 487 4178 super
513 4094 667 4157 carbones
694 4115 816 4156 rursum
841 4093 1002 4171 combure,
1029 4102 1124 4178 atque
1155 4103 1189 4154 ut
1219 4093 1303 4177 prius
1324 4099 1402 4154 tere.

340 4293 346 4324 ¹
365 4295 456 4355 “Quod
473 4298 493 4345 ri
509 4297 597 4344 modice
611 4295 715 4357 finditur,
725 4295 796 4345 funde
810 4297 867 4345 illud
881 4311 932 4346 cum
944 4295 1061 4359 sulphure,
1072 4302 1096 4344 et
1106 4295 1139 4344 ric
1150 4292 1329 4344 emendabitur.”
1361 4295 1405 4342 lt'x

308 4376 364 4426 eod.
378 4379 478 4441 Guetpt.
489 4379 673 4442 taurpotamar.
