<?xml version="1.0" encoding="UTF-8"?>
<!DOCTYPE html PUBLIC "-//W3C//DTD XHTML 1.0 Transitional//EN"
    "http://www.w3.org/TR/xhtml1/DTD/xhtml1-transitional.dtd">
<html xmlns="http://www.w3.org/1999/xhtml" xml:lang="en" lang="en">
 <head>
  <title>
</title>
<meta http-equiv="Content-Type" content="text/html;charset=utf-8" />
  <meta name='ocr-system' content='tesseract 3.04.00' />
  <meta name='ocr-capabilities' content='ocr_page ocr_carea ocr_par ocr_line ocrx_word'/>
</head>
<body>
  <div class='ocr_page' id='page_1' title='image "./theophiliquietr00hendgoog_0114.png"; bbox 0 0 3220 5138; ppageno 0'>
   <div class='ocr_carea' id='block_1_1' title="bbox 672 503 1032 548">
    <p class='ocr_par' dir='ltr' id='par_1_1' title="bbox 672 503 1032 548">
     <span class='ocr_line' id='line_1_1' title="bbox 672 503 1032 548; baseline 0.006 -2"><span class='ocrx_word' id='word_1_1' title='bbox 672 503 859 548; x_wconf 70' lang='lat' dir='ltr'>rnaornrtr</span> <span class='ocrx_word' id='word_1_2' title='bbox 883 503 985 548; x_wconf 71' lang='lat' dir='ltr'>ueta</span> <span class='ocrx_word' id='word_1_3' title='bbox 1009 505 1032 548; x_wconf 87' lang='lat'>1.</span> 
     </span>
    </p>
   </div>
   <div class='ocr_carea' id='block_1_2' title="bbox 582 785 1124 885">
    <p class='ocr_par' dir='ltr' id='par_1_2' title="bbox 582 785 1124 885">
     <span class='ocr_line' id='line_1_2' title="bbox 582 785 1124 885; baseline 0.006 -3"><span class='ocrx_word' id='word_1_4' title='bbox 582 785 812 885; x_wconf 80' lang='lat' dir='ltr'><strong>CAPUT</strong></span> <span class='ocrx_word' id='word_1_5' title='bbox 868 785 1124 885; x_wconf 89' lang='lat' dir='ltr'>XXXIX.</span> 
     </span>
    </p>
   </div>
   <div class='ocr_carea' id='block_1_3' title="bbox 654 1009 1052 1055">
    <p class='ocr_par' dir='ltr' id='par_1_3' title="bbox 654 1009 1052 1055">
     <span class='ocr_line' id='line_1_3' title="bbox 654 1009 1052 1055; baseline 0.003 -3"><span class='ocrx_word' id='word_1_6' title='bbox 654 1009 699 1052; x_wconf 76' lang='lat' dir='ltr'>DE</span> <span class='ocrx_word' id='word_1_7' title='bbox 721 1009 850 1055; x_wconf 75' lang='lat' dir='ltr'>GEROSA</span> <span class='ocrx_word' id='word_1_8' title='bbox 873 1009 916 1053; x_wconf 76' lang='lat' dir='ltr'>m·</span> <span class='ocrx_word' id='word_1_9' title='bbox 939 1009 1052 1055; x_wconf 71' lang='lat' dir='ltr'>ulmo.</span> 
     </span>
    </p>
   </div>
   <div class='ocr_carea' id='block_1_4' title="bbox 311 1149 1400 1303">
    <p class='ocr_par' dir='ltr' id='par_1_4' title="bbox 311 1149 1400 1303">
     <span class='ocr_line' id='line_1_4' title="bbox 311 1149 1400 1303; baseline 0.003 -82"><span class='ocrx_word' id='word_1_10' title='bbox 311 1149 568 1303; x_wconf 80' lang='lat' dir='ltr'><strong>CEROSAM</strong></span> <span class='ocrx_word' id='word_1_11' title='bbox 584 1167 693 1224; x_wconf 83' lang='lat' dir='ltr'>autem</span> <span class='ocrx_word' id='word_1_12' title='bbox 714 1159 944 1246; x_wconf 79' lang='lat' dir='ltr'>compositums</span> <span class='ocrx_word' id='word_1_13' title='bbox 959 1159 1009 1224; x_wconf 84' lang='lat' dir='ltr'>fac</span> <span class='ocrx_word' id='word_1_14' title='bbox 1024 1160 1080 1224; x_wconf 89' lang='lat' dir='ltr'>tibi</span> <span class='ocrx_word' id='word_1_15' title='bbox 1095 1159 1262 1246; x_wconf 83' lang='lat' dir='ltr'>plumbeas</span> <span class='ocrx_word' id='word_1_16' title='bbox 1276 1161 1400 1226; x_wconf 81' lang='lat' dir='ltr'>tabulas</span> 
     </span>
    </p>
   </div>
   <div class='ocr_carea' id='block_1_5' title="bbox 307 1260 1402 2264">
    <p class='ocr_par' dir='ltr' id='par_1_5' title="bbox 307 1260 1402 2264">
     <span class='ocr_line' id='line_1_5' title="bbox 393 1260 1402 1347; baseline 0.003 -24"><span class='ocrx_word' id='word_1_17' title='bbox 393 1260 558 1340; x_wconf 76' lang='lat' dir='ltr'>attmruari,</span> <span class='ocrx_word' id='word_1_18' title='bbox 575 1269 608 1326; x_wconf 88' lang='lat' dir='ltr'>et</span> <span class='ocrx_word' id='word_1_19' title='bbox 631 1283 826 1347; x_wconf 79' lang='lat' dir='ltr'>componens</span> <span class='ocrx_word' id='word_1_20' title='bbox 851 1282 906 1324; x_wconf 81' lang='lat' dir='ltr'>eas</span> <span class='ocrx_word' id='word_1_21' title='bbox 930 1261 1032 1324; x_wconf 82' lang='lat' dir='ltr'>siccas</span> <span class='ocrx_word' id='word_1_22' title='bbox 1055 1262 1088 1324; x_wconf 88' lang='lat' dir='ltr'>in</span> <span class='ocrx_word' id='word_1_23' title='bbox 1109 1281 1190 1326; x_wconf 85' lang='lat' dir='ltr'>cavo</span> <span class='ocrx_word' id='word_1_24' title='bbox 1211 1262 1298 1346; x_wconf 88' lang='lat' dir='ltr'>ligno</span> <span class='ocrx_word' id='word_1_25' title='bbox 1320 1263 1402 1326; x_wconf 84' lang='lat' dir='ltr'>sicut</span> 
     </span>
     <span class='ocr_line' id='line_1_6' title="bbox 308 1361 1401 1449; baseline 0.002 -23"><span class='ocrx_word' id='word_1_26' title='bbox 308 1384 450 1449; x_wconf 90' lang='lat' dir='ltr'>cuprum,</span> <span class='ocrx_word' id='word_1_27' title='bbox 464 1385 561 1448; x_wconf 80' lang='lat' dir='ltr'>supra</span> <span class='ocrx_word' id='word_1_28' title='bbox 574 1363 679 1427; x_wconf 85' lang='lat' dir='ltr'>infuso</span> <span class='ocrx_word' id='word_1_29' title='bbox 694 1371 785 1427; x_wconf 88' lang='lat' dir='ltr'>aceto</span> <span class='ocrx_word' id='word_1_30' title='bbox 799 1361 905 1428; x_wconf 87' lang='lat' dir='ltr'>calido</span> <span class='ocrx_word' id='word_1_31' title='bbox 920 1361 987 1426; x_wconf 79' lang='lat' dir='ltr'>sive</span> <span class='ocrx_word' id='word_1_32' title='bbox 1001 1361 1093 1426; x_wconf 67' lang='lat' dir='ltr'>urina</span> <span class='ocrx_word' id='word_1_33' title='bbox 1101 1362 1237 1448; x_wconf 88' lang='lat' dir='ltr'>cooperi.</span> <span class='ocrx_word' id='word_1_34' title='bbox 1276 1363 1401 1428; x_wconf 88' lang='lat' dir='ltr'>Deinde</span> 
     </span>
     <span class='ocr_line' id='line_1_7' title="bbox 308 1463 1402 1551; baseline 0 -23"><span class='ocrx_word' id='word_1_35' title='bbox 308 1473 382 1549; x_wconf 81' lang='lat' dir='ltr'>post</span> <span class='ocrx_word' id='word_1_36' title='bbox 404 1484 545 1528; x_wconf 82' lang='lat' dir='ltr'>mensem</span> <span class='ocrx_word' id='word_1_37' title='bbox 569 1464 656 1529; x_wconf 81' lang='lat' dir='ltr'>solve</span> <span class='ocrx_word' id='word_1_38' title='bbox 685 1464 921 1550; x_wconf 81' lang='lat' dir='ltr'><strong>cooperculum,</strong></span> <span class='ocrx_word' id='word_1_39' title='bbox 946 1473 978 1526; x_wconf 89' lang='lat' dir='ltr'>et</span> <span class='ocrx_word' id='word_1_40' title='bbox 1004 1463 1154 1551; x_wconf 81' lang='lat' dir='ltr'>quicquid</span> <span class='ocrx_word' id='word_1_41' title='bbox 1178 1464 1284 1528; x_wconf 89' lang='lat' dir='ltr'>album</span> <span class='ocrx_word' id='word_1_42' title='bbox 1309 1465 1402 1530; x_wconf 72' lang='lat' dir='ltr'>licerit</span> 
     </span>
     <span class='ocr_line' id='line_1_8' title="bbox 307 1563 1400 1652; baseline -0.003 -21"><span class='ocrx_word' id='word_1_43' title='bbox 307 1567 461 1646; x_wconf 83' lang='lat' dir='ltr'>auferens,</span> <span class='ocrx_word' id='word_1_44' title='bbox 477 1585 599 1630; x_wconf 84' lang='lat' dir='ltr'>rursum</span> <span class='ocrx_word' id='word_1_45' title='bbox 615 1587 731 1652; x_wconf 82' lang='lat' dir='ltr'>repone</span> <span class='ocrx_word' id='word_1_46' title='bbox 754 1565 836 1630; x_wconf 86' lang='lat' dir='ltr'>sicut</span> <span class='ocrx_word' id='word_1_47' title='bbox 851 1565 945 1650; x_wconf 84' lang='lat' dir='ltr'>prius.</span> <span class='ocrx_word' id='word_1_48' title='bbox 992 1563 1138 1651; x_wconf 83' lang='lat' dir='ltr'>Cumque</span> <span class='ocrx_word' id='word_1_49' title='bbox 1153 1565 1209 1630; x_wconf 91' lang='lat' dir='ltr'>tibi</span> <span class='ocrx_word' id='word_1_50' title='bbox 1232 1565 1400 1644; x_wconf 86' lang='lat' dir='ltr'>suffecerit,</span> 
     </span>
     <span class='ocr_line' id='line_1_9' title="bbox 307 1667 1401 1755; baseline 0 -23"><span class='ocrx_word' id='word_1_51' title='bbox 307 1679 340 1733; x_wconf 87' lang='lat' dir='ltr'>ct</span> <span class='ocrx_word' id='word_1_52' title='bbox 354 1668 487 1732; x_wconf 88' lang='lat' dir='ltr'>minium</span> <span class='ocrx_word' id='word_1_53' title='bbox 501 1668 575 1732; x_wconf 83' lang='lat' dir='ltr'>inde</span> <span class='ocrx_word' id='word_1_54' title='bbox 597 1667 701 1732; x_wconf 81' lang='lat' dir='ltr'>facere</span> <span class='ocrx_word' id='word_1_55' title='bbox 717 1667 881 1754; x_wconf 84' lang='lat' dir='ltr'>placuerit,</span> <span class='ocrx_word' id='word_1_56' title='bbox 896 1668 1041 1731; x_wconf 89' lang='lat' dir='ltr'>eamdem</span> <span class='ocrx_word' id='word_1_57' title='bbox 1062 1689 1205 1732; x_wconf 74' lang='lat' dir='ltr'>cenosam</span> <span class='ocrx_word' id='word_1_58' title='bbox 1220 1677 1285 1733; x_wconf 87' lang='lat' dir='ltr'>tere</span> <span class='ocrx_word' id='word_1_59' title='bbox 1307 1690 1401 1755; x_wconf 85' lang='lat' dir='ltr'>super</span> 
     </span>
     <span class='ocr_line' id='line_1_10' title="bbox 307 1769 1400 1856; baseline 0 -22"><span class='ocrx_word' id='word_1_60' title='bbox 307 1771 443 1856; x_wconf 84' lang='lat' dir='ltr'>lapidem</span> <span class='ocrx_word' id='word_1_61' title='bbox 467 1770 587 1854; x_wconf 78' lang='lat' dir='ltr'>absque</span> <span class='ocrx_word' id='word_1_62' title='bbox 602 1791 697 1856; x_wconf 88' lang='lat' dir='ltr'>aqua,</span> <span class='ocrx_word' id='word_1_63' title='bbox 713 1778 746 1833; x_wconf 92' lang='lat' dir='ltr'>et</span> <span class='ocrx_word' id='word_1_64' title='bbox 768 1769 884 1834; x_wconf 86' lang='lat' dir='ltr'>deinde</span> <span class='ocrx_word' id='word_1_65' title='bbox 908 1769 1037 1834; x_wconf 82' lang='lat' dir='ltr'>mittens</span> <span class='ocrx_word' id='word_1_66' title='bbox 1058 1769 1092 1832; x_wconf 90' lang='lat' dir='ltr'>in</span> <span class='ocrx_word' id='word_1_67' title='bbox 1114 1770 1193 1835; x_wconf 85' lang='lat' dir='ltr'>ollas</span> <span class='ocrx_word' id='word_1_68' title='bbox 1207 1792 1307 1834; x_wconf 84' lang='lat' dir='ltr'>novas</span> <span class='ocrx_word' id='word_1_69' title='bbox 1321 1771 1400 1834; x_wconf 84' lang='lat' dir='ltr'>duas</span> 
     </span>
     <span class='ocr_line' id='line_1_11' title="bbox 307 1869 1399 1956; baseline 0.001 -21"><span class='ocrx_word' id='word_1_70' title='bbox 307 1874 445 1949; x_wconf 83' lang='lat' dir='ltr'>veltres,</span> <span class='ocrx_word' id='word_1_71' title='bbox 462 1892 544 1956; x_wconf 86' lang='lat' dir='ltr'>ponc</span> <span class='ocrx_word' id='word_1_72' title='bbox 560 1892 654 1956; x_wconf 79' lang='lat' dir='ltr'>cuper</span> <span class='ocrx_word' id='word_1_73' title='bbox 668 1870 824 1934; x_wconf 85' lang='lat' dir='ltr'>carbones</span> <span class='ocrx_word' id='word_1_74' title='bbox 838 1869 1004 1952; x_wconf 79' lang='lat' dir='ltr'>ardentcs3</span> <span class='ocrx_word' id='word_1_75' title='bbox 1027 1871 1147 1936; x_wconf 81' lang='lat' dir='ltr'>habeas</span> <span class='ocrx_word' id='word_1_76' title='bbox 1161 1881 1269 1936; x_wconf 83' lang='lat' dir='ltr'>autem</span> <span class='ocrx_word' id='word_1_77' title='bbox 1284 1873 1399 1936; x_wconf 85' lang='lat' dir='ltr'>ferrum</span> 
     </span>
     <span class='ocr_line' id='line_1_12' title="bbox 307 1971 1399 2060; baseline 0.001 -23"><span class='ocrx_word' id='word_1_78' title='bbox 307 1974 423 2060; x_wconf 83' lang='lat' dir='ltr'>gracile</span> <span class='ocrx_word' id='word_1_79' title='bbox 438 1994 580 2051; x_wconf 91' lang='lat' dir='ltr'>curvum,</span> <span class='ocrx_word' id='word_1_80' title='bbox 595 1994 634 2036; x_wconf 88' lang='lat' dir='ltr'>ex</span> <span class='ocrx_word' id='word_1_81' title='bbox 649 1993 715 2036; x_wconf 88' lang='lat' dir='ltr'>una</span> <span class='ocrx_word' id='word_1_82' title='bbox 729 1971 833 2058; x_wconf 84' lang='lat' dir='ltr'>partc¹</span> <span class='ocrx_word' id='word_1_83' title='bbox 850 1979 994 2058; x_wconf 88' lang='lat' dir='ltr'>aptatum</span> <span class='ocrx_word' id='word_1_84' title='bbox 1010 1981 1042 2036; x_wconf 90' lang='lat' dir='ltr'>et</span> <span class='ocrx_word' id='word_1_85' title='bbox 1055 1973 1088 2036; x_wconf 92' lang='lat' dir='ltr'>in</span> <span class='ocrx_word' id='word_1_86' title='bbox 1100 1974 1280 2038; x_wconf 81' lang='lat' dir='ltr'>summitate</span> <span class='ocrx_word' id='word_1_87' title='bbox 1291 1975 1399 2052; x_wconf 90' lang='lat' dir='ltr'>latum,</span> 
     </span>
     <span class='ocr_line' id='line_1_13' title="bbox 307 2072 1399 2162; baseline -0.001 -23"><span class='ocrx_word' id='word_1_88' title='bbox 307 2098 380 2140; x_wconf 93' lang='lat' dir='ltr'>cum</span> <span class='ocrx_word' id='word_1_89' title='bbox 394 2097 459 2162; x_wconf 92' lang='lat' dir='ltr'>quo</span> <span class='ocrx_word' id='word_1_90' title='bbox 474 2096 599 2140; x_wconf 88' lang='lat' dir='ltr'>movere</span> <span class='ocrx_word' id='word_1_91' title='bbox 614 2095 652 2137; x_wconf 89' lang='lat' dir='ltr'>ac</span> <span class='ocrx_word' id='word_1_92' title='bbox 675 2073 805 2138; x_wconf 83' lang='lat' dir='ltr'>miscere</span> <span class='ocrx_word' id='word_1_93' title='bbox 819 2072 922 2159; x_wconf 85' lang='lat' dir='ltr'>ipsam</span> <span class='ocrx_word' id='word_1_94' title='bbox 941 2095 1083 2139; x_wconf 86' lang='lat' dir='ltr'>cerosam</span> <span class='ocrx_word' id='word_1_95' title='bbox 1106 2075 1262 2140; x_wconf 84' lang='lat' dir='ltr'>interdum</span> <span class='ocrx_word' id='word_1_96' title='bbox 1279 2076 1399 2162; x_wconf 81' lang='lat' dir='ltr'>poesis;</span> 
     </span>
     <span class='ocr_line' id='line_1_14' title="bbox 308 2175 1384 2264; baseline -0.002 -23"><span class='ocrx_word' id='word_1_97' title='bbox 308 2187 403 2264; x_wconf 89' lang='lat' dir='ltr'>atque</span> <span class='ocrx_word' id='word_1_98' title='bbox 418 2177 479 2242; x_wconf 91' lang='lat' dir='ltr'>hoc</span> <span class='ocrx_word' id='word_1_99' title='bbox 494 2176 629 2240; x_wconf 85' lang='lat' dir='ltr'>tamdiu</span> <span class='ocrx_word' id='word_1_100' title='bbox 644 2175 742 2240; x_wconf 79' lang='lat' dir='ltr'>faciae</span> <span class='ocrx_word' id='word_1_101' title='bbox 756 2175 859 2240; x_wconf 86' lang='lat' dir='ltr'>donec</span> <span class='ocrx_word' id='word_1_102' title='bbox 875 2175 1007 2240; x_wconf 91' lang='lat' dir='ltr'>minium</span> <span class='ocrx_word' id='word_1_103' title='bbox 1022 2177 1154 2242; x_wconf 92' lang='lat' dir='ltr'>omnino</span> <span class='ocrx_word' id='word_1_104' title='bbox 1169 2177 1302 2241; x_wconf 86' lang='lat' dir='ltr'>rubeum</span> <span class='ocrx_word' id='word_1_105' title='bbox 1318 2179 1384 2240; x_wconf 84' lang='lat' dir='ltr'>fiat.</span> 
     </span>
    </p>
   </div>
   <div class='ocr_carea' id='block_1_6' title="bbox 646 2562 1041 2664">
    <p class='ocr_par' dir='ltr' id='par_1_6' title="bbox 646 2562 1041 2664">
     <span class='ocr_line' id='line_1_15' title="bbox 646 2562 1041 2664; baseline -0.008 -2"><span class='ocrx_word' id='word_1_106' title='bbox 646 2562 876 2664; x_wconf 82' lang='lat' dir='ltr'><strong>CAPUT</strong></span> <span class='ocrx_word' id='word_1_107' title='bbox 936 2563 1041 2660; x_wconf 89' lang='lat' dir='ltr'>XL.</span> 
     </span>
    </p>
   </div>
   <div class='ocr_carea' id='block_1_7' title="bbox 730 2785 975 2830">
    <p class='ocr_par' dir='ltr' id='par_1_7' title="bbox 730 2785 975 2830">
     <span class='ocr_line' id='line_1_16' title="bbox 730 2785 975 2830; baseline -0.012 0"><span class='ocrx_word' id='word_1_108' title='bbox 730 2786 775 2830; x_wconf 78' lang='lat' dir='ltr'>DE</span> <span class='ocrx_word' id='word_1_109' title='bbox 798 2785 975 2830; x_wconf 76' lang='lat' dir='ltr'>INCAUSTO.</span> 
     </span>
    </p>
   </div>
   <div class='ocr_carea' id='block_1_8' title="bbox 306 2933 1401 4344">
    <p class='ocr_par' dir='ltr' id='par_1_8' title="bbox 306 2933 1401 4344">
     <span class='ocr_line' id='line_1_17' title="bbox 310 2933 1399 3084; baseline 0.001 -86"><span class='ocrx_word' id='word_1_110' title='bbox 310 2933 607 3084; x_wconf 84' lang='lat' dir='ltr'>INCAUSTUM</span> <span class='ocrx_word' id='word_1_111' title='bbox 623 2937 718 3002; x_wconf 83' lang='lat' dir='ltr'>etiam</span> <span class='ocrx_word' id='word_1_112' title='bbox 732 2936 873 3000; x_wconf 77' lang='lat' dir='ltr'>facturus</span> <span class='ocrx_word' id='word_1_113' title='bbox 886 2935 990 3000; x_wconf 85' lang='lat' dir='ltr'>incide</span> <span class='ocrx_word' id='word_1_114' title='bbox 1012 2937 1069 3002; x_wconf 86' lang='lat' dir='ltr'>tibi</span> <span class='ocrx_word' id='word_1_115' title='bbox 1083 2937 1170 3020; x_wconf 82' lang='lat' dir='ltr'>ligna</span> <span class='ocrx_word' id='word_1_116' title='bbox 1183 2933 1345 3021; x_wconf 81' lang='lat' dir='ltr'>spinarum</span> <span class='ocrx_word' id='word_1_117' title='bbox 1368 2935 1399 2998; x_wconf 93' lang='lat' dir='ltr'>in</span> 
     </span>
     <span class='ocr_line' id='line_1_18' title="bbox 368 3036 1401 3124; baseline -0.001 -23"><span class='ocrx_word' id='word_1_118' title='bbox 368 3036 480 3122; x_wconf 81' lang='lat' dir='ltr'>Aprili,</span> <span class='ocrx_word' id='word_1_119' title='bbox 494 3037 527 3100; x_wconf 94' lang='lat' dir='ltr'>in</span> <span class='ocrx_word' id='word_1_120' title='bbox 543 3036 644 3116; x_wconf 88' lang='lat' dir='ltr'>Maio,</span> <span class='ocrx_word' id='word_1_121' title='bbox 668 3037 851 3124; x_wconf 73' lang='lat' dir='ltr'>priusquam</span> <span class='ocrx_word' id='word_1_122' title='bbox 870 3037 1048 3121; x_wconf 84' lang='lat' dir='ltr'>producant</span> <span class='ocrx_word' id='word_1_123' title='bbox 1068 3039 1163 3103; x_wconf 86' lang='lat' dir='ltr'>flores</span> <span class='ocrx_word' id='word_1_124' title='bbox 1188 3046 1245 3100; x_wconf 87' lang='lat' dir='ltr'>aut</span> <span class='ocrx_word' id='word_1_125' title='bbox 1267 3037 1353 3118; x_wconf 84' lang='lat' dir='ltr'>folia,</span> <span class='ocrx_word' id='word_1_126' title='bbox 1368 3046 1401 3100; x_wconf 89' lang='lat' dir='ltr'>et</span> 
     </span>
     <span class='ocr_line' id='line_1_19' title="bbox 307 3137 1400 3225; baseline -0.001 -22"><span class='ocrx_word' id='word_1_127' title='bbox 307 3160 507 3225; x_wconf 73' lang='lat' dir='ltr'>congregans</span> <span class='ocrx_word' id='word_1_128' title='bbox 527 3137 602 3203; x_wconf 88' lang='lat' dir='ltr'>inde</span> <span class='ocrx_word' id='word_1_129' title='bbox 616 3137 793 3218; x_wconf 79' lang='lat' dir='ltr'>fasciculos,</span> <span class='ocrx_word' id='word_1_130' title='bbox 809 3137 877 3201; x_wconf 83' lang='lat' dir='ltr'>sine</span> <span class='ocrx_word' id='word_1_131' title='bbox 898 3139 1005 3224; x_wconf 87' lang='lat' dir='ltr'>jacere</span> <span class='ocrx_word' id='word_1_132' title='bbox 1020 3139 1052 3202; x_wconf 91' lang='lat' dir='ltr'>in</span> <span class='ocrx_word' id='word_1_133' title='bbox 1074 3141 1187 3205; x_wconf 87' lang='lat' dir='ltr'>umbra</span> <span class='ocrx_word' id='word_1_134' title='bbox 1200 3140 1281 3204; x_wconf 85' lang='lat' dir='ltr'>duas</span> <span class='ocrx_word' id='word_1_135' title='bbox 1303 3139 1400 3225; x_wconf 75' lang='lat' dir='ltr'>septi-</span> 
     </span>
     <span class='ocr_line' id='line_1_20' title="bbox 308 3239 1398 3328; baseline -0.001 -24"><span class='ocrx_word' id='word_1_136' title='bbox 308 3261 420 3304; x_wconf 81' lang='lat' dir='ltr'>manas</span> <span class='ocrx_word' id='word_1_137' title='bbox 434 3248 490 3305; x_wconf 91' lang='lat' dir='ltr'>aut</span> <span class='ocrx_word' id='word_1_138' title='bbox 503 3248 568 3305; x_wconf 85' lang='lat' dir='ltr'>tres</span> <span class='ocrx_word' id='word_1_139' title='bbox 582 3249 638 3304; x_wconf 87' lang='lat' dir='ltr'>aut</span> <span class='ocrx_word' id='word_1_140' title='bbox 652 3247 799 3327; x_wconf 85' lang='lat' dir='ltr'>quatuor,</span> <span class='ocrx_word' id='word_1_141' title='bbox 814 3239 916 3302; x_wconf 90' lang='lat' dir='ltr'>donec</span> <span class='ocrx_word' id='word_1_142' title='bbox 932 3241 1162 3328; x_wconf 87' lang='lat' dir='ltr'>aliquantulum</span> <span class='ocrx_word' id='word_1_143' title='bbox 1190 3241 1398 3306; x_wconf 80' lang='lat' dir='ltr'>exsiccentur.</span> 
     </span>
     <span class='ocr_line' id='line_1_21' title="bbox 309 3341 1399 3428; baseline -0.001 -22"><span class='ocrx_word' id='word_1_144' title='bbox 309 3341 436 3407; x_wconf 88' lang='lat' dir='ltr'>Deinde</span> <span class='ocrx_word' id='word_1_145' title='bbox 449 3343 568 3407; x_wconf 79' lang='lat' dir='ltr'>habeas</span> <span class='ocrx_word' id='word_1_146' title='bbox 583 3343 713 3406; x_wconf 83' lang='lat' dir='ltr'>malleos</span> <span class='ocrx_word' id='word_1_147' title='bbox 724 3341 847 3427; x_wconf 81' lang='lat' dir='ltr'>ligneos</span> <span class='ocrx_word' id='word_1_148' title='bbox 858 3361 931 3403; x_wconf 89' lang='lat' dir='ltr'>cum</span> <span class='ocrx_word' id='word_1_149' title='bbox 944 3341 1059 3426; x_wconf 82' lang='lat' dir='ltr'>quibus</span> <span class='ocrx_word' id='word_1_150' title='bbox 1070 3364 1164 3428; x_wconf 83' lang='lat' dir='ltr'>cuper</span> <span class='ocrx_word' id='word_1_151' title='bbox 1177 3342 1264 3406; x_wconf 84' lang='lat' dir='ltr'>aliud</span> <span class='ocrx_word' id='word_1_152' title='bbox 1279 3343 1399 3428; x_wconf 86' lang='lat' dir='ltr'>lignum</span> 
     </span>
     <span class='ocr_line' id='line_1_22' title="bbox 307 3441 1399 3528; baseline 0 -21"><span class='ocrx_word' id='word_1_153' title='bbox 307 3444 420 3507; x_wconf 89' lang='lat' dir='ltr'>durum</span> <span class='ocrx_word' id='word_1_154' title='bbox 434 3443 612 3508; x_wconf 83' lang='lat' dir='ltr'>contrmdas</span> <span class='ocrx_word' id='word_1_155' title='bbox 625 3444 711 3528; x_wconf 75' lang='lat' dir='ltr'>ipsae</span> <span class='ocrx_word' id='word_1_156' title='bbox 726 3442 844 3528; x_wconf 79' lang='lat' dir='ltr'>spinas,</span> <span class='ocrx_word' id='word_1_157' title='bbox 854 3441 956 3506; x_wconf 76' lang='lat' dir='ltr'>donec</span> <span class='ocrx_word' id='word_1_158' title='bbox 968 3443 1116 3508; x_wconf 83' lang='lat' dir='ltr'>corticem</span> <span class='ocrx_word' id='word_1_159' title='bbox 1127 3444 1258 3508; x_wconf 89' lang='lat' dir='ltr'>omnino</span> <span class='ocrx_word' id='word_1_160' title='bbox 1272 3445 1399 3522; x_wconf 83' lang='lat' dir='ltr'>evellas,</span> 
     </span>
     <span class='ocr_line' id='line_1_23' title="bbox 307 3543 1399 3631; baseline -0.001 -23"><span class='ocrx_word' id='word_1_161' title='bbox 307 3566 402 3631; x_wconf 92' lang='lat' dir='ltr'>quem</span> <span class='ocrx_word' id='word_1_162' title='bbox 428 3545 535 3608; x_wconf 84' lang='lat' dir='ltr'>statim</span> <span class='ocrx_word' id='word_1_163' title='bbox 562 3545 667 3608; x_wconf 78' lang='lat' dir='ltr'>mittes</span> <span class='ocrx_word' id='word_1_164' title='bbox 689 3544 723 3607; x_wconf 93' lang='lat' dir='ltr'>in</span> <span class='ocrx_word' id='word_1_165' title='bbox 746 3543 867 3607; x_wconf 89' lang='lat' dir='ltr'>dolium</span> <span class='ocrx_word' id='word_1_166' title='bbox 893 3544 979 3630; x_wconf 68' lang='lat' dir='ltr'>aqud</span> <span class='ocrx_word' id='word_1_167' title='bbox 1005 3545 1151 3630; x_wconf 87' lang='lat' dir='ltr'>plenum;</span> <span class='ocrx_word' id='word_1_168' title='bbox 1173 3566 1311 3630; x_wconf 89' lang='lat' dir='ltr'>cumque</span> <span class='ocrx_word' id='word_1_169' title='bbox 1334 3545 1399 3609; x_wconf 91' lang='lat' dir='ltr'>duo</span> 
     </span>
     <span class='ocr_line' id='line_1_24' title="bbox 307 3643 1399 3733; baseline 0.001 -24"><span class='ocrx_word' id='word_1_170' title='bbox 307 3646 393 3709; x_wconf 87' lang='lat' dir='ltr'>dolia</span> <span class='ocrx_word' id='word_1_171' title='bbox 414 3646 464 3709; x_wconf 87' lang='lat' dir='ltr'>vel</span> <span class='ocrx_word' id='word_1_172' title='bbox 483 3645 544 3708; x_wconf 84' lang='lat' dir='ltr'>tria</span> <span class='ocrx_word' id='word_1_173' title='bbox 558 3665 613 3708; x_wconf 78' lang='lat' dir='ltr'>eeu</span> <span class='ocrx_word' id='word_1_174' title='bbox 634 3653 771 3731; x_wconf 84' lang='lat' dir='ltr'>quatuor</span> <span class='ocrx_word' id='word_1_175' title='bbox 784 3651 840 3707; x_wconf 87' lang='lat' dir='ltr'>aut</span> <span class='ocrx_word' id='word_1_176' title='bbox 860 3643 1001 3731; x_wconf 86' lang='lat' dir='ltr'>quinque</span> <span class='ocrx_word' id='word_1_177' title='bbox 1014 3646 1132 3710; x_wconf 86' lang='lat' dir='ltr'>cortice</span> <span class='ocrx_word' id='word_1_178' title='bbox 1145 3656 1179 3710; x_wconf 88' lang='lat' dir='ltr'>et</span> <span class='ocrx_word' id='word_1_179' title='bbox 1199 3647 1284 3733; x_wconf 68' lang='lat' dir='ltr'>aqud</span> <span class='ocrx_word' id='word_1_180' title='bbox 1299 3647 1399 3732; x_wconf 85' lang='lat' dir='ltr'>reple-</span> 
     </span>
     <span class='ocr_line' id='line_1_25' title="bbox 308 3744 1400 3833; baseline 0.002 -23"><span class='ocrx_word' id='word_1_181' title='bbox 308 3749 399 3828; x_wconf 82' lang='lat' dir='ltr'>veris,</span> <span class='ocrx_word' id='word_1_182' title='bbox 414 3749 482 3812; x_wconf 88' lang='lat' dir='ltr'>sine</span> <span class='ocrx_word' id='word_1_183' title='bbox 497 3749 542 3810; x_wconf 83' lang='lat' dir='ltr'>sic</span> <span class='ocrx_word' id='word_1_184' title='bbox 556 3755 640 3810; x_wconf 81' lang='lat' dir='ltr'>stare</span> <span class='ocrx_word' id='word_1_185' title='bbox 661 3766 716 3831; x_wconf 87' lang='lat' dir='ltr'>per</span> <span class='ocrx_word' id='word_1_186' title='bbox 731 3753 804 3808; x_wconf 85' lang='lat' dir='ltr'>octo</span> <span class='ocrx_word' id='word_1_187' title='bbox 819 3744 898 3824; x_wconf 83' lang='lat' dir='ltr'>dies,</span> <span class='ocrx_word' id='word_1_188' title='bbox 912 3744 1015 3810; x_wconf 91' lang='lat' dir='ltr'>donec</span> <span class='ocrx_word' id='word_1_189' title='bbox 1030 3767 1113 3833; x_wconf 83' lang='lat' dir='ltr'>aqua</span> <span class='ocrx_word' id='word_1_190' title='bbox 1131 3769 1258 3813; x_wconf 90' lang='lat' dir='ltr'>omnem</span> <span class='ocrx_word' id='word_1_191' title='bbox 1274 3748 1400 3814; x_wconf 87' lang='lat' dir='ltr'>corticis</span> 
     </span>
     <span class='ocr_line' id='line_1_26' title="bbox 306 3845 1401 3936; baseline 0.001 -22"><span class='ocrx_word' id='word_1_192' title='bbox 306 3871 437 3914; x_wconf 79' lang='lat' dir='ltr'>succum</span> <span class='ocrx_word' id='word_1_193' title='bbox 462 3851 495 3912; x_wconf 91' lang='lat' dir='ltr'>in</span> <span class='ocrx_word' id='word_1_194' title='bbox 520 3871 555 3914; x_wconf 81' lang='lat' dir='ltr'>sc</span> <span class='ocrx_word' id='word_1_195' title='bbox 580 3847 753 3912; x_wconf 88' lang='lat' dir='ltr'>emordeat.</span> <span class='ocrx_word' id='word_1_196' title='bbox 798 3845 880 3910; x_wconf 81' lang='lat' dir='ltr'>Post</span> <span class='ocrx_word' id='word_1_197' title='bbox 905 3846 973 3910; x_wconf 75' lang='lat' dir='ltr'>hmo</span> <span class='ocrx_word' id='word_1_198' title='bbox 999 3848 1088 3912; x_wconf 87' lang='lat' dir='ltr'>mitte</span> <span class='ocrx_word' id='word_1_199' title='bbox 1103 3849 1206 3934; x_wconf 80' lang='lat' dir='ltr'>ipsam</span> <span class='ocrx_word' id='word_1_200' title='bbox 1227 3870 1344 3936; x_wconf 86' lang='lat' dir='ltr'>aquam</span> <span class='ocrx_word' id='word_1_201' title='bbox 1367 3853 1401 3915; x_wconf 90' lang='lat' dir='ltr'>in</span> 
     </span>
     <span class='ocr_line' id='line_1_27' title="bbox 307 3947 1401 4039; baseline 0.001 -23"><span class='ocrx_word' id='word_1_202' title='bbox 307 3953 461 4017; x_wconf 78' lang='lat' dir='ltr'>cacabum</span> <span class='ocrx_word' id='word_1_203' title='bbox 490 3949 744 4026; x_wconf 79' lang='lat' dir='ltr'>mundissimum,</span> <span class='ocrx_word' id='word_1_204' title='bbox 766 3947 815 4012; x_wconf 86' lang='lat' dir='ltr'>vel</span> <span class='ocrx_word' id='word_1_205' title='bbox 844 3947 877 4010; x_wconf 92' lang='lat' dir='ltr'>in</span> <span class='ocrx_word' id='word_1_206' title='bbox 906 3947 1053 4028; x_wconf 68' lang='lat' dir='ltr'>lebetem,</span> <span class='ocrx_word' id='word_1_207' title='bbox 1077 3959 1110 4014; x_wconf 85' lang='lat' dir='ltr'>ct</span> <span class='ocrx_word' id='word_1_208' title='bbox 1134 3953 1299 4037; x_wconf 78' lang='lat' dir='ltr'>supposito</span> <span class='ocrx_word' id='word_1_209' title='bbox 1325 3953 1401 4039; x_wconf 81' lang='lat' dir='ltr'>igne</span> 
     </span>
     <span class='ocr_line' id='line_1_28' title="bbox 306 4047 1401 4140; baseline -0.001 -22"><span class='ocrx_word' id='word_1_210' title='bbox 306 4075 426 4140; x_wconf 90' lang='lat' dir='ltr'>coque;</span> <span class='ocrx_word' id='word_1_211' title='bbox 448 4052 607 4117; x_wconf 84' lang='lat' dir='ltr'>interdum</span> <span class='ocrx_word' id='word_1_212' title='bbox 621 4051 717 4116; x_wconf 86' lang='lat' dir='ltr'>etiam</span> <span class='ocrx_word' id='word_1_213' title='bbox 731 4049 868 4112; x_wconf 83' lang='lat' dir='ltr'>immitte</span> <span class='ocrx_word' id='word_1_214' title='bbox 878 4047 919 4112; x_wconf 88' lang='lat' dir='ltr'>de</span> <span class='ocrx_word' id='word_1_215' title='bbox 933 4048 1003 4134; x_wconf 78' lang='lat' dir='ltr'>ipso</span> <span class='ocrx_word' id='word_1_216' title='bbox 1012 4049 1128 4114; x_wconf 88' lang='lat' dir='ltr'>cortice</span> <span class='ocrx_word' id='word_1_217' title='bbox 1143 4052 1176 4114; x_wconf 91' lang='lat' dir='ltr'>iu</span> <span class='ocrx_word' id='word_1_218' title='bbox 1187 4054 1352 4133; x_wconf 80' lang='lat' dir='ltr'>cacabum,</span> <span class='ocrx_word' id='word_1_219' title='bbox 1364 4062 1401 4118; x_wconf 91' lang='lat' dir='ltr'>ut</span> 
     </span>
     <span class='ocr_line' id='line_1_29' title="bbox 307 4150 1401 4243; baseline 0.002 -23"><span class='ocrx_word' id='word_1_220' title='bbox 307 4157 333 4220; x_wconf 82' lang='lat' dir='ltr'>si</span> <span class='ocrx_word' id='word_1_221' title='bbox 348 4156 424 4243; x_wconf 94' lang='lat' dir='ltr'>quid</span> <span class='ocrx_word' id='word_1_222' title='bbox 438 4155 524 4220; x_wconf 82' lang='lat' dir='ltr'>succi</span> <span class='ocrx_word' id='word_1_223' title='bbox 539 4155 572 4218; x_wconf 91' lang='lat' dir='ltr'>in</span> <span class='ocrx_word' id='word_1_224' title='bbox 587 4175 626 4217; x_wconf 89' lang='lat' dir='ltr'>eo</span> <span class='ocrx_word' id='word_1_225' title='bbox 648 4150 799 4216; x_wconf 85' lang='lat' dir='ltr'>remansit</span> <span class='ocrx_word' id='word_1_226' title='bbox 813 4159 1018 4236; x_wconf 84' lang='lat' dir='ltr'>excoquatur.</span> <span class='ocrx_word' id='word_1_227' title='bbox 1063 4151 1171 4227; x_wconf 87' lang='lat' dir='ltr'>Quam</span> <span class='ocrx_word' id='word_1_228' title='bbox 1186 4176 1260 4218; x_wconf 90' lang='lat' dir='ltr'>cum</span> <span class='ocrx_word' id='word_1_229' title='bbox 1274 4157 1401 4222; x_wconf 86' lang='lat' dir='ltr'>modice</span> 
     </span>
     <span class='ocr_line' id='line_1_30' title="bbox 306 4251 1399 4344; baseline -0.003 -18"><span class='ocrx_word' id='word_1_230' title='bbox 306 4261 439 4338; x_wconf 82' lang='lat' dir='ltr'>coxeris,</span> <span class='ocrx_word' id='word_1_231' title='bbox 453 4258 542 4344; x_wconf 85' lang='lat' dir='ltr'>ejice,</span> <span class='ocrx_word' id='word_1_232' title='bbox 557 4257 715 4341; x_wconf 89' lang='lat' dir='ltr'>aliumque</span> <span class='ocrx_word' id='word_1_233' title='bbox 737 4273 844 4315; x_wconf 80' lang='lat' dir='ltr'>rursus</span> <span class='ocrx_word' id='word_1_234' title='bbox 858 4251 1002 4316; x_wconf 86' lang='lat' dir='ltr'>immitte.</span> <span class='ocrx_word' id='word_1_235' title='bbox 1048 4252 1123 4328; x_wconf 87' lang='lat' dir='ltr'>Quo</span> <span class='ocrx_word' id='word_1_236' title='bbox 1138 4255 1224 4321; x_wconf 82' lang='lat' dir='ltr'>facto</span> <span class='ocrx_word' id='word_1_237' title='bbox 1240 4257 1399 4323; x_wconf 83' lang='lat' dir='ltr'>residuam</span> 
     </span>
    </p>
   </div>
   <div class='ocr_carea' id='block_1_9' title="bbox 674 4417 1030 4484">
    <p class='ocr_par' dir='ltr' id='par_1_9' title="bbox 674 4417 1030 4484">
     <span class='ocr_line' id='line_1_31' title="bbox 674 4417 1030 4484; baseline 0.014 -20"><span class='ocrx_word' id='word_1_238' title='bbox 674 4419 709 4448; x_wconf 87' lang='lat'>¹“</span> <span class='ocrx_word' id='word_1_239' title='bbox 720 4417 804 4481; x_wconf 76' lang='lat' dir='ltr'>liguo,”</span> <span class='ocrx_word' id='word_1_240' title='bbox 815 4421 849 4467; x_wconf 78' lang='lat' dir='ltr'>ric</span> <span class='ocrx_word' id='word_1_241' title='bbox 861 4419 911 4468; x_wconf 74' lang='lat' dir='ltr'>eod</span> <span class='ocrx_word' id='word_1_242' title='bbox 931 4419 1030 4484; x_wconf 65' lang='lat' dir='ltr'>daupu.</span> 
     </span>
    </p>
   </div>
   <div class='ocr_carea' id='block_1_10' title="bbox 1596 1377 1599 1528">
    <p class='ocr_par' dir='ltr' id='par_1_10' title="bbox 1596 1377 1599 1528">
     <span class='ocr_line' id='line_1_32' title="bbox 1596 1377 1599 1400; baseline 0 0"><span class='ocrx_word' id='word_1_243' title='bbox 1596 1377 1599 1400; x_wconf 67' lang='lat' dir='ltr'>r</span> 
     </span>
     <span class='ocr_line' id='line_1_33' title="bbox 1597 1403 1599 1450; baseline 0 0"><span class='ocrx_word' id='word_1_244' title='bbox 1597 1403 1599 1450; x_wconf 90' lang='lat' dir='ltr'>l</span> 
     </span>
     <span class='ocr_line' id='line_1_34' title="bbox 1598 1489 1599 1528; baseline 0 0"><span class='ocrx_word' id='word_1_245' title='bbox 1598 1489 1599 1528; x_wconf 92' lang='lat' dir='ltr'>l</span> 
     </span>
    </p>
   </div>
   <div class='ocr_carea' id='block_1_11' title="bbox 1589 4064 1599 4184">
    <p class='ocr_par' dir='ltr' id='par_1_11' title="bbox 1589 4064 1599 4258">
     <span class='ocr_line' id='line_1_35' title="bbox 1589 4064 1599 4184; baseline 0 74"><span class='ocrx_word' id='word_1_246' title='bbox 1589 4064 1599 4184; x_wconf 77' lang='lat'><strong>⁴</strong></span> 
     </span>
    </p>
   </div>
   <div class='ocr_carea' id='block_1_12' title="bbox 0 0 1614 5138">
    <p class='ocr_par' dir='ltr' id='par_1_12' title="bbox 0 0 1614 5138">
     <span class='ocr_line' id='line_1_36' title="bbox 0 0 1614 5138; baseline 0 0"><span class='ocrx_word' id='word_1_247' title='bbox 0 0 1614 5138; x_wconf 95' lang='lat' dir='ltr'> </span> 
     </span>
    </p>
   </div>
  </div>
 </body>
</html>
