3236 5144
276 465 341 528 236
631 483 822 526 rnnorarnr
847 483 949 526 arnan
974 482 1024 526 ιιι.

276 647 381 701 costas
396 637 422 700 si
440 638 574 700 volueris
595 657 667 699 cum
689 635 807 720 nigello
832 657 952 720 parare,
967 635 1028 698 hoc
1054 654 1188 719 procura
1203 640 1239 694 ut
1258 645 1372 717 argen-

276 749 346 804 tum
361 739 491 824 spissius
507 740 558 818 sit,
573 749 606 802 et
627 739 672 802 sic
694 761 755 824 nge
779 748 814 801 ut
839 759 901 802 una
924 747 1013 801 costa
1037 737 1204 799 deauretur
1219 744 1252 796 et
1272 735 1372 796 altera

277 841 469 927 denigretur,
497 862 578 928 quus
611 863 735 927 semper
764 851 889 927 oportet
919 861 1010 926 pares
1039 859 1119 902 esse.
1175 835 1266 912 Quas
1299 857 1372 899 cnm

277 944 479 1028 percusseris,
508 943 584 1006 lima
612 943 774 1030 aequaliter
803 953 835 1007 et
865 943 950 1022 rade,
980 941 1066 1006 etin
1088 941 1149 1004 illis
1177 961 1257 1027 quas
1282 938 1372 1003 deni·

277 1065 369 1131 grate
391 1045 448 1123 vis,
472 1044 617 1130 pertrahe
640 1067 745 1132 groeca
767 1045 842 1109 folia
866 1055 898 1109 et
920 1043 994 1109 fode
1016 1065 1128 1130 grosso
1149 1051 1263 1120 tractu,
1285 1061 1373 1105 cam·-

278 1167 398 1232 posque
413 1167 523 1209 eornm
538 1145 640 1217 fodies
654 1148 822 1234 gracilibus
837 1147 961 1211 circulis
976 1155 1008 1210 et
1023 1145 1130 1209 subtili
1145 1165 1249 1231 opere,
1258 1141 1373 1207 deinde

277 1267 434 1333 compone
450 1248 598 1333 nigellum
616 1249 676 1313 hoc
691 1249 797 1314 modo.

549 1951 779 2046 CAPUT
840 1953 1104 2049 XXVIII.

698 2199 743 2242 DE
767 2199 925 2245 NIGELLO.

284 2349 510 2502 ACCIPE
536 2361 701 2436 argentum
730 2373 852 2436 purum,
877 2364 908 2415 et
931 2373 1024 2438 oequo
1050 2351 1188 2438 pondere
1211 2351 1315 2415 divide
1345 2351 1376 2413 in

400 2454 475 2533 duo,
491 2453 614 2517 addens
630 2453 659 2516 ei
681 2453 805 2516 tertiam
823 2465 942 2537 partem
970 2453 1058 2538 cupri
1083 2453 1161 2539 puri.
1208 2452 1298 2529 Quas
1314 2463 1377 2517 tres

285 2565 400 2640 partes,
430 2578 503 2620 cum
541 2555 662 2620 miseris
691 2555 724 2617 in
756 2555 846 2619 fusile
875 2557 1049 2634 vasculum,
1079 2556 1220 2642 pondera
1253 2567 1376 2620 tanturn

285 2658 416 2742 plumbI,
440 2668 593 2744 quantum
617 2657 770 2743 appendit
797 2658 950 2722 medietas
973 2659 1072 2745 ipsius
1096 2659 1195 2744 cupri,
1218 2659 1303 2745 quod
1329 2679 1379 2721 er·

284 2769 381 2844 gento
398 2759 560 2838 miscuIsti,
577 2769 808 2846 acceptumque
832 2760 963 2846 sulphur
986 2783 1133 2825 croceum
1152 2761 1261 2846 frange
1278 2759 1380 2822 minu·

285 2862 386 2938 tatim,
408 2873 440 2924 et
464 2861 551 2924 mitte
577 2861 741 2945 plumbum
765 2872 798 2924 et
827 2873 949 2947 partem
978 2863 1077 2948 ipsius
1106 2863 1266 2949 sulphuris
1288 2883 1381 2947 super

286 2964 448 3026 vasculum
464 2984 626 3049 cupreum,
641 2985 679 3027 ac
701 2963 855 3049 reliquum
879 2965 1039 3051 sulphuris
1062 2965 1151 3029 mitte
1174 2966 1207 3027 in
1223 2965 1307 3028 uliud
1324 2985 1380 3027 vas

285 3064 386 3128 fusile.
412 3064 558 3150 Cumque
572 3065 769 3149 liquefeceris
784 3077 951 3152 argentum
967 3090 1039 3132 cum
1064 3091 1174 3155 cupro,
1190 3089 1282 3132 move
1297 3067 1379 3152 pari-

286 3181 333 3231 ter
348 3189 421 3230 cum
437 3167 584 3245 carbone,
595 3167 765 3255 staIImque
780 3169 910 3234 infunde
923 3171 951 3234 ei
966 3169 1131 3256 plumbum
1147 3179 1179 3234 et
1193 3169 1324 3253 sulphur
1339 3189 1378 3231 ex

287 3290 403 3353 cupreo
420 3270 559 3348 vasculo,
575 3279 607 3334 et
627 3292 750 3334 rursum
767 3272 938 3337 commisce
953 3293 1026 3336 cum
1049 3273 1187 3337 carbone
1202 3271 1333 3349 fortiter,
1348 3279 1381 3334 et

287 3393 359 3436 cum
375 3371 575 3436 festinatione
590 3372 688 3438 funde
703 3375 734 3436 in
751 3375 837 3438 allud
854 3397 910 3438 vas
925 3375 1016 3438 fusile
1038 3397 1133 3461 super
1148 3373 1279 3460 sulphur
1293 3372 1380 3459 quod

286 3475 319 3536 in
343 3496 382 3538 eo
406 3474 549 3553 miseras,
572 3498 710 3563 moxque
733 3477 879 3561 deposito
904 3477 1044 3556 vasculo,
1059 3499 1132 3540 cum
1154 3497 1220 3562 qno
1243 3476 1380 3554 foderas,

288 3577 396 3662 accipe
411 3576 486 3640 illud
501 3577 534 3638 in
550 3578 636 3664 quod
653 3578 773 3657 fudisti,
789 3589 821 3642 et
836 3578 926 3642 mitte
942 3579 974 3640 in
989 3579 1096 3665 ignem
1110 3580 1213 3644 donec
1228 3579 1381 3666 liquefiat,

287 3680 463 3765 iterumque
487 3701 693 3744 commovens
719 3680 815 3744 funde
841 3684 873 3743 iu
900 3680 1017 3744 ferrum
1044 3682 1238 3745 infusorium.
1284 3678 1380 3755 Quod

288 3781 374 3866 prius
399 3802 495 3867 quam
519 3781 678 3868 frigescat,
704 3793 830 3869 percute
854 3783 1026 3861 modicum,
1051 3795 1083 3848 et
1111 3782 1230 3848 calefac
1261 3803 1382 3868 parum,

289 3902 477 3968 rursumque
502 3892 640 3967 percute,
658 3885 767 3972 sicque
786 3885 882 3949 facies
909 3886 1012 3951 donec
1030 3888 1160 3951 omnino
1182 3887 1382 3951 adtenuetur.

290 3983 415 4048 Natum
430 3985 513 4049 enim
530 3986 634 4071 nigelli
651 3988 723 4051 talis
738 3998 796 4066 est,
811 4000 847 4052 ut
861 3988 887 4052 si
903 3987 1051 4075 frigidum
1076 3989 1258 4075 percutitur,
1274 3987 1382 4052 statim

289 4089 444 4175 frangitur
466 4103 498 4152 et
520 4089 625 4166 resilit,
641 4111 700 4153 nec
724 4089 820 4153 debet
843 4091 887 4154 sic
912 4092 1056 4171 calefieri,
1078 4102 1114 4156 ut
1137 4091 1293 4170 rubescat,
1309 4090 1384 4176 quia

289 4192 397 4254 statim
412 4190 559 4277 liquescit
573 4200 606 4253 et
621 4189 690 4253 fluit
704 4191 737 4253 in
752 4192 884 4256 ciueres.
912 4194 1130 4258 Adtenuatum
1146 4217 1220 4259 vero
1233 4191 1384 4278 nigellum

290 4294 379 4358 mitte
405 4294 436 4357 in
460 4294 624 4356 vasculum
651 4293 843 4379 profundum
870 4305 902 4357 et
923 4295 1070 4380 spissum,
1095 4308 1128 4360 et
1151 4293 1385 4384 superfundens

290 4415 416 4481 aquam,
432 4396 596 4480 confringe
617 4417 688 4460 cum
712 4396 824 4460 malleo
852 4397 998 4476 rotundo,
1013 4397 1116 4462 donec
1139 4395 1384 4462 minutissimum
