3236 5144
656 521 845 564 THEIIPIIILI
872 523 974 564 LIBER
999 523 1050 564 111.

667 757 902 852 CAPUT
949 755 1040 850 VI.

760 979 805 1020 DE
829 977 985 1020 mannam.

402 1129 535 1192 ALLEI
560 1129 659 1206 multi,
683 1129 828 1214 majores,
850 1128 986 1192 minores
1007 1137 1039 1191 et
1060 1127 1157 1212 parm,
1178 1127 1211 1189 In
1232 1149 1295 1190 una
1310 1137 1400 1212 parte

390 1271 399 1278 -
445 1232 510 1308 lati,
526 1233 557 1294 In
579 1233 678 1296 altera
698 1231 806 1295 stricti,
853 1230 934 1294 Item
953 1230 1055 1292 mallei
1072 1230 1157 1315 Iongi
1172 1239 1205 1292 et
1219 1228 1350 1314 graciles
1366 1227 1398 1290 In

302 1336 484 1398 summitate
500 1335 638 1414 rotundi,
654 1335 790 1420 majores
806 1342 837 1396 et
849 1334 996 1396 minores.
1040 1331 1121 1396 Item
1137 1332 1240 1395 mallei
1256 1331 1400 1417 saperius

302 1439 436 1518 cornuti,
451 1437 580 1501 inferius
597 1437 661 1501 lati.

651 1808 878 1905 CAPUT
927 1807 1052 1902 VII.

715 2028 761 2070 DE
785 2027 998 2070 FORGIPIBUS.

383 2171 583 2238 ORCIPES
607 2177 768 2240 manuales
790 2174 897 2254 forteS,
922 2175 1075 2241 habentes
1098 2177 1200 2240 nodos
1223 2177 1253 2240 In
1273 2178 1404 2242 summi-

404 2284 477 2355 tate,
501 2279 637 2363 majores
659 2287 691 2342 et
714 2279 860 2342 minores.
908 2279 989 2342 Item
1014 2279 1146 2365 forcipes
1168 2278 1254 2365 Iongi
1280 2290 1313 2344 et
1330 2303 1402 2367 gra-

305 2379 390 2443 ciles.
437 2379 517 2443 Item
541 2381 675 2467 forcipes
697 2381 805 2445 fusorii
820 2382 918 2468 longi,
939 2391 971 2445 et
985 2381 1017 2444 in
1033 2381 1179 2444 anteriori
1195 2391 1283 2464 parte
1298 2383 1401 2446 modi-

305 2505 378 2546 cum
394 2483 490 2546 curvi.
537 2481 619 2547 Item
635 2485 770 2571 forcipes
786 2485 968 2561 mediocres
984 2482 1099 2570 quibus
1114 2482 1254 2547 limanda
1268 2505 1402 2572 quaeque

306 2595 482 2664 teneantur,
509 2586 563 2672 qui
590 2587 653 2650 sint
679 2588 712 2649 in
738 2587 918 2651 summitate
946 2587 1038 2649 unius
1063 2586 1173 2650 caudae
1199 2586 1343 2672 graciles,
1368 2587 1401 2650 in

306 2689 405 2752 altera
418 2687 555 2773 pendeat
570 2689 686 2753 serrum
707 2699 800 2754 tenue
819 2699 851 2754 et
865 2691 976 2767 latum,
992 2711 1029 2752 ac
1046 2687 1248 2774 perforatum,
1264 2690 1313 2753 cui
1331 2712 1402 2754 cum

307 2791 449 2874 posueris
479 2789 597 2876 aliquid
628 2813 759 2877 parvum
789 2793 973 2870 limandum,
1008 2791 1182 2876 comprime
1213 2792 1342 2869 sortiter,
1373 2800 1405 2855 et

308 2893 397 2956 mitte
413 2892 562 2976 gracilem
581 2893 716 2956 caudam
736 2894 768 2956 in
789 2895 876 2982 quod
890 2895 1031 2958 foramen
1051 2895 1196 2958 volueris.
1243 2893 1326 2957 Item
1343 2893 1405 2956 sor-

308 2993 393 3077 cipes
413 2992 546 3077 parvuli,
566 2993 598 3056 in
619 3016 683 3058 una
703 2997 884 3060 summitate
905 2995 965 3060 sibi
985 2995 1193 3076 adhaerentes,
1214 3005 1246 3059 et
1261 2997 1291 3057 In
1307 2997 1404 3058 altera

308 3093 452 3177 graciles,
474 3095 588 3180 quibus
611 3118 710 3181 grana
733 3107 765 3162 et
786 3099 847 3161 alia
869 3119 1002 3185 quaeque
1023 3098 1144 3160 minuta
1163 3107 1402 3182 componantur.

310 3192 391 3257 Item
407 3195 552 3282 forcipes,
567 3200 622 3286 qui
642 3201 789 3264 dicuntur
810 3199 997 3279 carbonarii,
1013 3211 1044 3263 et
1059 3201 1194 3285 majores
1209 3210 1242 3261 et
1257 3198 1403 3274 minores

309 3319 380 3382 quae
395 3298 458 3362 sint
473 3300 505 3363 in
521 3323 583 3364 una
599 3303 780 3367 summitate
792 3303 904 3389 integri
920 3312 951 3367 et
965 3301 1082 3387 plicatI,
1098 3301 1130 3364 in
1146 3303 1244 3364 altera
1259 3300 1356 3386 aperti
1373 3310 1405 3363 et

310 3407 433 3472 modice
449 3411 544 3473 curvi.
591 3412 672 3475 Item
693 3412 827 3497 forcipes
850 3411 986 3476 incisorii
1011 3412 1146 3496 majores
1162 3420 1193 3474 at
1209 3411 1355 3488 minores,
1371 3409 1403 3471 In

310 3508 433 3574 duabus
451 3513 591 3596 partibus
607 3514 772 3598 compositi
789 3522 821 3576 et
835 3513 926 3576 clavo
943 3513 1069 3576 confixi

609 3747 639 3752 ..-
654 3748 660 3752 .
792 3751 825 3754 ..-
834 3750 918 3758 .,--
1044 3747 1093 3755 ⁸—-

643 3885 872 3984 CAPUT
924 3885 1085 3980 VIII.

498 4113 543 4156 DE
566 4111 685 4154 annale
709 4109 774 4152 PER
797 4108 875 4160 Qum
899 4107 976 4152 ma
998 4105 1221 4152 TRAIIUNTUR.

389 4246 501 4310 ERRI
519 4245 583 4308 duo
597 4241 760 4307 latitudine
773 4242 868 4306 trium
882 4241 1063 4328 digitorum,
1078 4239 1222 4326 superius
1233 4247 1265 4302 et
1280 4236 1408 4302 inferius

389 4349 497 4427 strictI,
514 4369 568 4433 per
590 4345 696 4409 omnia
718 4353 838 4424 tenues,
854 4355 885 4408 et
903 4345 1002 4408 tribus
1022 4343 1186 4408 ordinibus
1201 4351 1256 4406 aut
1270 4350 1407 4427 quatuor

312 4453 472 4540 perforati,
488 4473 543 4538 per
557 4473 628 4537 quae
644 4447 797 4512 foramina
813 4448 866 4511 fila
880 4447 1054 4511 trahantur.
