3228 5134
274 458 313 523 12
634 483 823 528 rnuonurnr
848 483 949 528 rmus
973 485 995 527 r.

270 651 342 694 cum
358 629 443 710 lolio,
458 631 523 695 sive
538 653 610 696 cum
626 635 738 700 eodem
761 637 865 700 colore
886 637 970 700 unde
993 634 1138 720 implesti,
1163 639 1203 696 et*
1219 632 1359 694 illumina

269 732 415 816 primum,
430 754 502 797 cum
518 756 597 819 puro
611 737 697 799 lazur
712 737 855 802 illumina
870 738 1021 824 superius.
1068 735 1149 798 Post
1173 733 1242 796 haec
1264 733 1359 794 misce
1455 807 1458 820 Ι

269 854 378 918 pamm
394 834 456 898 albi
472 857 544 900 cunr
560 837 645 900 lazur
660 847 692 902 et
707 839 757 902 fac
773 840 901 903 subtiles
928 847 960 902 et
982 860 1068 902 raros
1083 845 1211 900 tructus.
1259 834 1360 919 lmple

270 935 490 1000 vestimentum
506 960 576 1002 cum
595 940 717 1019 rubeo,¹
730 941 860 1005 nrbeum
877 941 1028 1026 pallidum
1040 940 1090 1017 sit,
1107 937 1189 1000 adde
1200 935 1359 999 modicum

268 1036 360 1121 nigri.
407 1037 485 1102 Inde
502 1039 599 1105 misce
614 1041 748 1126 emplius
763 1043 844 1128 nigri
859 1065 931 1106 curn
948 1041 1071 1119 eodem,
1098 1049 1131 1104 et
1154 1039 1204 1102 fac
1230 1045 1359 1100 tractus.

269 1136 395 1202 Deinde
427 1140 525 1204 misce
562 1141 723 1208 modicum
756 1145 842 1209 rubei
879 1166 950 1208 cum
979 1141 1128 1207 cenobrio
1159 1148 1190 1203 et
1220 1138 1361 1202 illumina

267 1239 412 1324 primum.
460 1241 542 1305 Post
565 1243 632 1307 lraec
658 1243 741 1309 adde
764 1246 925 1310 modicum
949 1244 1037 1308 minii
1059 1265 1130 1307 cum
1154 1240 1314 1320 cenobrio,
1329 1250 1360 1303 et

266 1341 407 1406 illumina
417 1344 568 1429 superius.
615 1344 717 1430 lmple
727 1346 951 1411 vestimentum
963 1369 1035 1412 cum
1048 1343 1209 1422 cenobrio,
1221 1351 1253 1406 et
1264 1342 1360 1405 misce

267 1465 340 1507 cum
367 1445 479 1508 eodem
506 1447 666 1510 modicum
690 1449 789 1528 rubei,
813 1461 845 1513 et
871 1451 922 1514 sac
944 1459 1074 1515 tractus.
1123 1446 1247 1512 Deinde
1263 1447 1360 1510 misce

267 1545 427 1609 modicum
445 1547 530 1611 minii
546 1569 618 1611 cum
634 1550 793 1631 cenobrio,
805 1562 837 1615 et
852 1551 992 1615 illumina
1007 1551 1152 1636 primum.
1200 1549 1280 1612 Post
1291 1547 1359 1611 haec

266 1647 408 1710 illumina
427 1671 500 1714 cum
525 1649 658 1736 simplici
675 1653 781 1717 minio.
828 1654 878 1717 Ad
894 1665 1070 1719 extremum
1088 1653 1185 1716 misce
1201 1651 1358 1715 modicum

266 1749 345 1835 nigri
360 1771 434 1813 cum
450 1751 558 1830 rubeo,
583 1761 615 1816 ct
641 1753 692 1817 lae
718 1755 903 1819 exteriorem
928 1756 1082 1819 umbram.
1127 1753 1232 1818 Misce
1246 1774 1357 1838 purum

265 1853 364 1916 viride
379 1875 453 1917 cum
468 1877 556 1941 ogra,
572 1855 617 1918 its
632 1864 668 1918 ut
683 1857 723 1920 de
735 1879 812 1943 ogra
829 1859 899 1942 plus
915 1859 965 1936 sit,
978 1867 1009 1920 et
1020 1857 1115 1941 imple
1126 1855 1368 1925 vestimentum„

265 1957 359 2020 Adde
374 1955 476 2020 eidem
493 1957 589 2022 colori
605 1957 764 2022 modicum
781 1959 821 2023 de
843 1981 919 2023 suco
940 1968 972 2022 et
996 1978 1108 2043 parum
1133 1956 1231 2030 rubei,
1254 1965 1286 2018 et
1309 1956 1359 2018 lac

264 2066 395 2122 tractus.
440 2057 543 2122 Misce
559 2059 660 2122 eidem
676 2060 774 2123 colori
790 2061 873 2124 unde
889 2053 1024 2146 implesti
1040 2060 1157 2137 elbum,
1173 2065 1205 2121 et
1220 2058 1359 2122 illumina

265 2161 411 2247 primum.
467 2161 561 2226 Adde
575 2163 645 2248 plus
660 2163 735 2242 albi,
751 2171 783 2226 et
796 2163 939 2226 illumina
953 2162 1099 2226 exterius
1145 2158 1249 2222 Misce
1264 2159 1357 2223 etiam

265 2285 337 2328 curn
354 2263 504 2349 superiori
518 2265 631 2328 umbre
647 2264 717 2349 plus
738 2265 806 2327 suci
828 2273 860 2328 et
885 2263 973 2328 rubei
994 2275 1026 2328 et
1050 2283 1160 2348 parum
1186 2260 1301 2339 viridis,
1328 2269 1360 2324 et

265 2363 450 2428 exteriorem
476 2365 620 2429 umbram
646 2365 705 2428 luc.
761 2366 864 2430 Misce
880 2388 1006 2430 succum
1024 2365 1088 2430 folii
1104 2386 1177 2428 cum
1193 2383 1312 2440 cerosa,
1328 2371 1360 2426 et

265 2464 361 2550 imple
375 2465 607 2530 vestimentum.
652 2465 745 2531 Adde
771 2468 838 2532 folii
862 2468 941 2554 plus,
962 2476 995 2532 et
1019 2467 1069 2531 fac
1092 2475 1221 2530 tractus.
1266 2465 1359 2528 Adde

265 2570 336 2654 plus
351 2591 478 2649 cerosoe,
494 2577 526 2633 et
541 2569 690 2633 illumina.
738 2569 819 2633 Post
834 2571 902 2633 haec
917 2591 988 2634 cum
1006 2567 1139 2653 simplici
1155 2589 1273 2632 cerosa.
1307 2566 1358 2629 Ad

265 2678 443 2734 extremum
459 2670 620 2735 modicum
636 2670 701 2734 folii
716 2671 779 2735 triti
794 2682 827 2735 et
843 2671 1002 2736 modicum
1023 2670 1162 2735 cenobrii
1177 2669 1273 2733 misce
1287 2691 1359 2732 cum

265 2772 369 2858 priore
394 2772 517 2850 umbra,
544 2781 577 2836 et
599 2771 650 2836 fec
674 2773 872 2838 exteriorem.
930 2773 973 2837 Et
996 2774 1110 2837 eodem
1133 2773 1240 2836 colore
1266 2770 1360 2855 imple

265 2873 349 2936 aliud
364 2873 601 2941 vestimentum.
655 2874 748 2937 Adde
772 2875 875 2938 eidem
899 2875 984 2937 unde
1007 2873 1155 2958 implesti,
1170 2893 1313 2936 ceroscru
1328 2881 1360 2936 et

186 2995 188 3002 ·
265 2973 424 3038 modicum
450 2974 600 3053 cenobrii,
624 2984 657 3039 et
682 2975 824 3039 illumina
847 2976 994 3061 primum.
1039 2974 1132 3038 Adde
1147 2975 1217 3061 plus
1231 2995 1359 3052 cerosae,

265 3087 297 3142 et
320 3077 462 3141 illumina
485 3077 636 3162 superius.
687 3077 739 3141 Ad
766 3087 940 3142 extremum
966 3077 1063 3140 misce
1087 3075 1247 3139 modicum
1272 3073 1359 3139 rubei

265 3201 337 3244 cum
349 3179 452 3265 priore
462 3177 584 3258 umbre,
596 3187 628 3242 et
638 3178 689 3242 fue
699 3180 897 3244 exteriorem.
929 3179 1359 3244 Exuscurxrunsrxcms

265 3300 348 3346 rurs
376 3299 515 3344 usurum
541 3299 847 3360 ussurusrrronux,
872 3301 972 3345 uuum
1001 3300 1224 3359 ruurussurr,
1250 3299 1359 3343 curun

267 3399 490 3461 vromrrcuu,
506 3401 660 3446 rusrruu
676 3401 872 3446 exunruuu.
928 3381 1032 3445 Misce
1048 3381 1207 3445 modicum
1220 3381 1358 3444 cenobrii

266 3502 339 3544 cum
349 3473 589 3568 auripigmentd,
601 3493 634 3546 et
645 3483 740 3568 imple
749 3482 982 3546 vestimentum.
1027 3483 1121 3547 Adde
1136 3505 1246 3568 purum
1261 3482 1358 3561 rubei,

266 3593 298 3646 et
332 3584 382 3647 fec
408 3593 535 3650 tructus.
596 3583 679 3648 Cum
707 3584 840 3668 simplici
865 3584 961 3647 rubeo
986 3583 1131 3646 umbram
1161 3582 1357 3646 exteriorem.

265 3684 359 3749 Adde
383 3709 456 3750 cum
480 3687 663 3772 impletione
679 3687 750 3770 plus
765 3685 996 3770 auripigmenti,
1011 3694 1044 3748 et
1057 3685 1198 3748 illumina
1212 3683 1357 3769 primum.

267 3782 350 3850 Cum
366 3786 500 3875 simplici
515 3788 747 3874 auripigmento
763 3785 905 3849 illumina
919 3785 1071 3872 superius.

655 3981 662 4009 ¹
680 3983 696 4008 ‘¹
704 3987 728 4029 ct
738 3980 780 4028 si.”
812 3983 861 4033 Mc.
870 3983 969 4045 mutpt
