3216 5138
327 503 387 566 146
682 518 873 564 rasorium
897 517 1000 562 mann
1024 519 1061 564 rr.

323 671 467 736 obstruas
482 695 518 736 os
534 670 670 737 fornacis
686 671 862 756 diligenter,
878 691 916 734 ac
932 670 1076 755 superins
1092 669 1237 735 foramen
1253 691 1308 754 per
1330 669 1417 755 quod

322 772 427 838 fumus
451 775 567 852 exibat,
592 794 691 859 usque
718 773 796 835 dum
821 794 877 858 per
897 793 932 836 se
954 772 1126 858 refrigeret.
1172 772 1223 836 Ad
1248 773 1309 834 hoc
1335 773 1420 836 valet

320 875 391 938 calx
406 884 438 939 et
452 875 531 940 cinis
546 897 640 961 super
655 874 806 954 tabulam,
821 884 857 938 ut
872 885 976 939 servet
989 874 1116 954 vitrum,
1132 897 1172 938 ne
1188 896 1283 960 super
1293 874 1416 936 nudum

321 999 341 1039 a
356 977 462 1042 calore
485 978 709 1063 confringatur.
756 977 870 1064 Ejecto
891 987 998 1042 autern
1023 979 1104 1042 vitro
1128 977 1238 1064 proba,
1262 976 1289 1040 si
1316 976 1419 1060 possis

321 1101 394 1142 cum
411 1101 516 1166 ungue
531 1088 586 1146 tuo
602 1080 739 1144 colorem
755 1079 904 1160 erodere;
928 1081 954 1144 si
970 1102 1045 1161 non,
1058 1080 1175 1145 sufficit
1188 1082 1228 1159 ei,
1238 1079 1288 1144 sin
1300 1087 1419 1156 autem,

320 1180 431 1246 iterum
457 1205 583 1269 repone.
626 1183 694 1248 Tali
719 1183 816 1247 modo
832 1184 977 1269 partibus
1001 1183 1151 1248 omnibus
1176 1183 1286 1263 ccctis,
1302 1203 1420 1268 repone

321 1305 416 1370 super
429 1285 570 1350 tabulam
585 1286 727 1372 singulas
742 1285 774 1348 in
790 1307 847 1350 suo
862 1287 954 1367 loco;
977 1285 1093 1351 deinde
1109 1285 1207 1350 funde
1222 1287 1363 1350 calamos
1378 1306 1419 1348 ex

322 1407 400 1471 puro
416 1389 546 1473 plumbo
561 1387 623 1454 hoc
638 1389 745 1453 modo.

633 1897 862 1994 CAPUT
919 1897 1105 1993 XXIV.

664 2129 710 2172 DE
733 2130 853 2173 ruanis
876 2130 1080 2174 mensorum.

400 2291 459 2356 AC
474 2293 531 2358 tibi
546 2292 627 2358 dnos
641 2293 751 2372 ferros,
766 2292 933 2356 latitudine
947 2293 1118 2380 digitomm
1139 2294 1275 2358 duorum
1292 2301 1324 2356 et
1337 2293 1420 2378 spis-

400 2395 535 2460 situdine
557 2395 649 2459 unius
678 2393 778 2480 digiti,
803 2393 1064 2482 longitudineque
1089 2395 1181 2458 unius
1210 2394 1301 2458 ulnae.
1348 2392 1420 2458 Hos

323 2497 485 2584 copulabis
508 2499 541 2561 in
555 2519 620 2560 una
643 2496 825 2561 summitate
840 2495 872 2558 in
895 2495 1026 2559 modum
1049 2495 1212 2560 cardinum
1227 2505 1264 2559 nt
1280 2495 1339 2559 sibi
1362 2497 1420 2560 ad·

323 2600 473 2681 haereant,
504 2611 536 2664 et
562 2623 626 2665 uno
652 2600 744 2664 claro
769 2599 944 2677 firmentur,
970 2599 1016 2662 ita
1043 2607 1078 2662 nt
1104 2599 1228 2684 possint
1251 2599 1357 2663 claudi
1388 2609 1421 2662 et

323 2703 446 2789 aperiri,
462 2714 494 2768 et
508 2705 541 2766 in
561 2704 659 2768 altero
682 2701 785 2788 capite
808 2700 1040 2788 aliquantulum
1064 2701 1191 2766 latiores
1205 2709 1239 2765 et
1259 2702 1420 2766 tenuiores

322 2805 376 2885 ita,
392 2814 509 2869 utcum
524 2805 722 2884 clauduntur,
738 2803 779 2868 sit
795 2803 886 2891 qnasi
900 2803 1023 2866 initium
1039 2803 1202 2869 foraminis
1225 2803 1365 2883 interius,
1388 2815 1420 2866 et

323 2905 492 2970 exteriores
507 2913 603 2970 costae
626 2905 789 2992 aqualiter
812 2905 1003 2991 procedant;
1035 2907 1143 2994 sicque
1168 2907 1346 2993 conjunges
1362 2927 1419 2970 eos

325 3029 396 3071 curn
412 3007 497 3086 lima,
512 3017 547 3070 nt
567 3005 644 3069 nihil
660 3005 787 3070 luminis
806 3005 887 3070 inter
906 3029 962 3072 eos
982 3009 1158 3094 perspicere
1179 3009 1292 3097 possis.
1339 3008 1420 3074 Post

324 3110 393 3174 haec
409 3110 568 3197 separabis
583 3130 639 3173 eos
653 3107 695 3172 ab
711 3108 856 3189 invicem,
872 3117 1066 3198 acceptaque
1081 3112 1259 3198 regulatus
1274 3111 1371 3178 facies
1387 3112 1419 3174 in

324 3213 430 3278 madio
444 3213 536 3278 unius
560 3212 658 3298 partis
673 3211 753 3276 duas
779 3211 889 3292 lineas,
905 3222 937 3276 et
952 3235 969 3276 e
985 3222 1097 3278 contra
1111 3214 1143 3276 in
1169 3213 1274 3279 medio
1290 3214 1419 3278 alterius

324 3318 413 3398 duas,
428 3339 449 3381 a
463 3339 588 3382 summo
602 3337 701 3404 usque
717 3315 866 3380 deorsum
882 3337 979 3400 parva
1001 3315 1176 3395 latitudine,
1192 3325 1225 3380 et
1239 3315 1340 3382 fodies
1363 3339 1419 3380 eos

323 3423 404 3486 ferro
430 3420 575 3500 fossorio,
607 3443 671 3508 quo
705 3418 896 3484 candelabra
929 3417 1102 3498 fodiuntur,
1133 3439 1231 3506 quam
1261 3419 1418 3504 profunde

325 3523 470 3601 volueris,
486 3533 517 3586 et
532 3524 606 3586 rade
621 3522 750 3586 interius
765 3521 848 3585 inter
863 3521 943 3584 duas
958 3520 1083 3606 regulas
1099 3520 1259 3584 modicum
1276 3521 1307 3582 in
1331 3531 1419 3585 ntro-

325 3646 386 3711 que
403 3625 495 3704 ferro,
510 3633 546 3688 ut
562 3645 634 3687 cum
651 3622 814 3708 plumbum
831 3623 863 3685 in
878 3623 923 3686 eis
947 3623 1074 3701 fuderis,
1090 3643 1154 3686 una
1170 3644 1243 3706 pars
1258 3625 1323 3687 fiat.
1370 3623 1418 3687 Os

324 3747 408 3803 vero,
423 3727 454 3788 in
468 3724 554 3811 quod
565 3725 715 3802 funditur,
727 3727 771 3787 ita
781 3725 952 3804 ordinabis,
963 3733 1000 3788 ut
1015 3745 1077 3789 una
1094 3745 1165 3810 pars
1183 3725 1252 3788 ferri
1265 3726 1419 3810 jungatur

323 3828 355 3890 in
370 3827 511 3906 alteram,
527 3849 566 3891 ne
581 3827 681 3912 possit
695 3828 727 3890 in
745 3827 907 3910 fundendo
922 3826 1077 3892 vacillare.
