3236 5144
300 485 363 550 232
649 505 838 550 rusoenrnr
864 507 968 550 mssa
992 508 1044 551 ur.

296 657 393 742 imple
416 657 498 734 cera,
519 666 550 722 et
574 680 646 722 cum
671 659 854 744 refrigerata
876 659 981 737 fuerit,
996 667 1069 722 tene
1091 657 1194 745 ipsum
1219 661 1332 746 pedem
1360 660 1391 722 in

297 760 422 823 sinistra
444 783 551 840 manu,
566 771 599 825 et
620 761 652 826 in
675 763 804 827 dextera
825 764 942 828 serrum
958 785 1055 827 unum
1078 763 1197 828 ductile
1217 786 1255 830 ac
1276 773 1391 842 tenue;

297 869 329 926 et
355 861 405 925 fac
428 885 560 948 puerum
587 865 696 928 sedere
715 866 810 951 juxte
835 875 878 944 te,
904 866 960 953 qui
983 867 1138 952 percutiat
1159 889 1232 931 cum
1260 868 1392 954 parvulo

298 964 413 1028 ma‘lleo
428 987 523 1052 super
538 966 653 1030 sermm
668 967 701 1030 in
716 989 905 1055 quocunqne
919 968 991 1032 loco
1013 968 1088 1032 illud
1104 970 1257 1054 posueris,
1272 978 1305 1034 et
1318 970 1392 1034 inde
1428 1019 1436 1030 .

298 1065 480 1152 designabis
495 1069 635 1146 anulum,
647 1069 703 1156 qui
722 1069 803 1134 inter
819 1070 936 1135 nodum
953 1080 986 1134 et
1000 1071 1114 1156 pedem
1129 1071 1161 1134 in
1177 1072 1307 1135 circuitu
1322 1093 1392 1136 esse

298 1167 402 1233 debet.
448 1170 522 1245 Quo
537 1170 704 1256 designato
719 1170 847 1236 effunde
862 1194 967 1236 ceram
982 1182 1016 1236 et
1034 1183 1160 1237 recocto
1175 1174 1256 1258 pede
1278 1173 1390 1236 iterum

297 1271 404 1357 imple,
415 1279 450 1334 ut
459 1271 588 1336 anulum
598 1273 785 1358 profundius
797 1277 952 1359 percutias
963 1276 1045 1341 sicut
1056 1276 1159 1362 prius;
1175 1277 1283 1364 sicque
1294 1277 1391 1340 facies

295 1376 399 1440 donec
415 1397 486 1440 eum
502 1376 663 1463 aequaliter
678 1399 752 1440 cum
774 1377 838 1442 suis
854 1379 960 1464 granis
975 1379 1128 1465 perficias.
1176 1378 1302 1442 Deinde
1316 1379 1391 1442 lima

297 1479 417 1543 nodum
432 1487 463 1543 et
488 1479 575 1557 rade,
591 1488 623 1542 et
645 1480 728 1544 circa
751 1479 864 1564 pedem
886 1479 1015 1544 interius
1031 1492 1063 1544 et
1085 1481 1233 1557 exterius,
1248 1489 1280 1544 et
1301 1502 1390 1544 oram

297 1581 383 1668 ejus;
407 1583 514 1668 sicque
543 1581 640 1645 facies
668 1581 701 1645 in
729 1583 833 1646 medio
860 1582 935 1644 nsdi
964 1581 1108 1648 foramen
1136 1583 1389 1669 quadrangulum

297 1683 469 1748 secundum
485 1687 694 1770 quantitatem
710 1685 820 1748 caudae
844 1684 1012 1770 superioris
1027 1685 1121 1764 vasis,
1137 1695 1169 1747 et
1184 1685 1216 1748 in
1231 1707 1270 1750 eo
1292 1707 1390 1770 pones

296 1785 430 1870 spissam
446 1795 567 1870 partem
591 1787 724 1872 argenti,
747 1787 925 1866 rotundam,
948 1787 1061 1851 eodem
1077 1788 1174 1852 modo
1190 1787 1388 1873 perforatam.

298 1887 409 1952 Facies
421 1911 548 1975 quoque
560 1891 688 1954 anulum
700 1890 908 1976 singulariter,
919 1891 973 1976 qui
983 1900 1066 1954 stare
1077 1889 1173 1953 debet
1181 1890 1261 1953 inter
1272 1891 1389 1954 nodum

296 2001 329 2054 et
343 2012 399 2053 vas
411 1992 565 2077 superius,
580 1991 691 2056 eadem
706 1992 882 2078 quantitate
898 2002 930 2055 et
943 1993 1047 2078 specie
1063 1995 1144 2056 sicut
1157 2004 1206 2057 est
1220 1995 1281 2072 ille,
1295 2015 1390 2080 quern

296 2092 406 2156 ductili
421 2093 501 2156 ferro
525 2093 666 2158 formasti
681 2093 741 2158 sub
763 2095 860 2172 nodo,
875 2105 908 2159 et
923 2094 1081 2181 accipiens
1103 2094 1219 2160 ferrum
1242 2095 1390 2159 obtusum

296 2194 424 2258 fricabis
439 2217 532 2280 super
555 2208 659 2260 cotem
674 2197 841 2283 aequalem,
856 2197 971 2260 deinde
994 2218 1088 2281 super
1108 2197 1249 2283 ligneum
1270 2197 1392 2284 querci·

296 2321 401 2378 neum,
416 2298 564 2384 imposito
580 2299 609 2363 ei
635 2300 773 2365 carbone
788 2301 871 2379 trito,
893 2310 925 2364 et
947 2322 1073 2364 cumea
1097 2301 1196 2386 polles
1216 2301 1319 2385 ipsum
1335 2322 1390 2364 vas

296 2401 424 2465 interius
439 2411 471 2464 et
493 2402 640 2482 exteriuS,
657 2403 776 2467 nodum
791 2413 823 2467 et
837 2404 950 2489 pedem
966 2411 998 2466 et
1019 2403 1160 2480 anulum,
1176 2402 1284 2488 sicque
1299 2403 1391 2466 frica·

296 2503 346 2568 bis
358 2527 431 2569 cum
443 2527 549 2590 panno
565 2515 598 2569 et
611 2505 699 2570 creti
713 2506 868 2569 subtiliter
882 2507 965 2584 rasa,
979 2507 1081 2569 donec
1104 2506 1235 2568 omnino
1251 2505 1389 2570 lucidum

296 2605 353 2670 fiat
381 2629 471 2693 opus.
517 2605 578 2672 His
605 2607 648 2671 ita
674 2608 809 2693 peractis
834 2608 921 2671 finde
942 2607 1077 2671 caudam
1093 2607 1177 2670 vasis
1199 2607 1232 2670 in
1254 2617 1392 2693 quatuor

296 2731 397 2796 usque
409 2709 440 2771 in
452 2710 588 2773 medium
600 2731 673 2772 cum
687 2710 761 2774 lima
772 2719 876 2787 tenue,
888 2721 920 2773 et
931 2731 1040 2772 eversa
1051 2731 1124 2772 eum
1137 2730 1231 2794 super
1243 2708 1389 2772 incudem

297 2812 465 2877 rotundam
480 2812 525 2875 ita
540 2821 576 2876 ut
589 2811 750 2897 aequuliter
765 2812 913 2898 pendeat,
922 2821 954 2875 et
969 2833 1146 2898 superpone
1162 2811 1190 2875 ei
1206 2813 1347 2890 anulum,
1359 2823 1391 2876 et

295 2915 328 2976 in
344 2915 497 2977 foramine
512 2913 588 2977 nodi
602 2914 749 2992 caudam,
765 2914 998 3000 particulasque
1013 2936 1085 3001 quae
1101 2914 1132 2978 in
1145 2925 1194 2978 est
1208 2916 1344 3000 desuper
1359 2927 1391 2979 et

294 3027 406 3079 tenens
422 3015 489 3078 haec
505 3037 577 3079 cum
593 3015 718 3080 sinistra
733 3037 828 3080 manu
845 3017 964 3081 fortiter
980 3027 1012 3080 et
1026 3017 1197 3103 aqualiter,
1213 3027 1246 3080 et
1262 3016 1294 3079 in
1310 3015 1388 3080 dex·

296 3127 363 3182 tera
372 3117 487 3182 sermm
503 3119 621 3182 ductile
632 3119 722 3182 mitte
736 3119 768 3182 in
785 3119 903 3184 nodum
915 3129 948 3183 et
962 3119 1012 3183 lac
1028 3119 1170 3204 superius
1187 3119 1309 3203 percuti
1318 3140 1389 3182 cum

296 3221 410 3285 malleo
420 3221 570 3286 mediocri
582 3221 684 3286 donec
696 3224 840 3308 configas
851 3222 990 3285 firmiter.
1037 3221 1155 3284 Postea
1169 3220 1267 3284 funde
1278 3235 1390 3308 argen-

294 3335 372 3406 tum,
388 3325 474 3412 quod
490 3325 605 3389 limasti
621 3336 653 3389 et
667 3325 769 3389 rasisti
784 3347 857 3389 cum
871 3347 910 3388 eo
926 3323 1011 3411 quod
1027 3324 1184 3387 residuum
1201 3331 1260 3401 est,
1270 3332 1303 3386 et
1317 3343 1389 3408 per·

294 3437 365 3492 cute
381 3430 515 3492 rotulam
526 3450 598 3492 cum
614 3429 730 3492 circino
743 3437 900 3514 aequatam
913 3435 1009 3490 tantus
1024 3425 1198 3490 latitudinis
1211 3434 1330 3511 quante
1342 3435 1391 3490 est

293 3530 426 3594 altitudo
447 3531 555 3594 calicis
580 3552 600 3593 a
624 3530 705 3616 pede
727 3529 856 3594 inferius
877 3550 977 3615 usque
1001 3527 1042 3591 ad
1070 3549 1159 3592 oram
1182 3528 1335 3613 superius,
1358 3536 1390 3590 et

294 3630 418 3695 modice
433 3633 576 3718 amplius,
592 3632 684 3696 etsie
707 3641 834 3717 percute
848 3653 962 3694 cavum
978 3630 1108 3694 interius
1130 3629 1304 3693 secundum
1320 3630 1390 3693 lati-

292 3733 434 3797 tudinem
452 3734 535 3798 vasis
559 3735 711 3820 superius,
726 3732 771 3797 ita
795 3742 830 3796 ut
854 3733 1018 3820 aqualiter
1033 3733 1133 3818 possit
1156 3732 1189 3795 in
1211 3755 1250 3796 co
1268 3733 1387 3817 jacere.

293 3835 379 3900 Etsi
395 3836 538 3915 volueris,
554 3836 604 3900 fac
627 3835 761 3902 circulos
776 3836 857 3900 duos
879 3834 1008 3898 interius
1023 3857 1095 3898 cum
1119 3835 1247 3914 circino,
1263 3845 1297 3900 et
1318 3856 1390 3920 per-
