3168 5140
297 489 364 554 414
754 505 935 552 snnrrns„

295 659 381 724 cidet
402 667 435 724 et
460 659 528 724 sols
552 658 638 723 clare
662 657 848 722 remanebit„
894 655 998 742 Igitur
1022 654 1169 741 quotiens
1196 653 1273 718 bris.
1299 661 1394 718 tunm

295 760 431 826 volueris
446 759 548 824 fecere
559 759 702 838 rubeum,
718 759 804 846 quod
820 759 902 823 solet
916 757 1007 822 facile
1018 755 1203 820 discoloreri
1215 765 1248 820 et
1258 755 1394 841 spisses-

295 883 376 940 cere,
391 861 518 946 impone
533 861 660 924 alumen
682 869 714 924 et
735 861 780 924 sic
798 859 1022 937 meliorabitur,
1037 866 1070 922 et
1090 856 1293 922 renovabitur
1306 876 1392 940 saepe

295 961 399 1027 clares
420 983 493 1024 cum
515 961 655 1046 spissum
677 960 780 1026 fuerit.
826 960 866 1024 ln
889 961 964 1024 bris.
987 960 1015 1024 si
1039 960 1172 1024 misceas
1193 958 1313 1035 eibum,
1335 957 1393 1020 flet

296 1083 404 1128 roseus
417 1063 514 1128 color.
559 1061 593 1127 Si
608 1063 742 1128 misceas
757 1083 899 1143 crurum,
914 1063 970 1126 fiet
985 1079 1171 1148 purpureus.

603 1375 648 1382 --
692 1374 1098 1384 -ή--μ-ψ-

728 1577 775 1621 DE
797 1576 953 1623 sntorno.

298 1733 575 1890 SINOPLUM
592 1739 704 1803 eodem
719 1736 816 1804 modo
839 1739 939 1804 moles
954 1761 1019 1827 quo
1033 1735 1250 1802 vermiculum.
1297 1725 1337 1798 in
1352 1755 1407 1802 eo.

399 1839 530 1904 miscere
552 1841 670 1926 poteris
693 1863 804 1926 parurn
826 1841 890 1906 albi
912 1850 944 1906 et
965 1840 1025 1906 erit
1041 1862 1151 1905 roseus
1166 1839 1262 1904 color.
1308 1835 1393 1901 Item

295 1940 322 2005 si
337 1939 470 2004 misceas
486 1963 558 2004 oum
580 1941 654 2010 albo
677 1963 789 2027 parum
811 1941 925 2029 sinopli
939 1943 999 2008 erit
1014 1941 1191 2007 carmineus
1206 1940 1311 2003 color:
1335 1947 1393 2002 nut

295 2041 408 2106 iterum
423 2043 450 2106 si
465 2041 599 2107 misceas
621 2065 695 2106 cum
718 2045 841 2130 sinoplo
856 2045 1133 2133 auripigmentum,
1149 2042 1294 2107 vincente
1308 2037 1392 2104 nuri-

297 2143 472 2230 pigmento,
487 2144 546 2208 erit
561 2143 648 2210 rufus
663 2147 761 2211 color.

596 2419 1112 2429 m-——n-

729 2613 777 2657 DE
798 2612 968 2658 narsum.

301 2759 678 2914 FRAGMENTUM
695 2762 804 2827 brisilli
819 2785 918 2849 pones
932 2761 965 2827 in
979 2760 1108 2826 vasculo
1123 2760 1223 2826 ferreo
1237 2759 1288 2826 vel
1302 2783 1394 2844 eneo,

397 2874 429 2929 et
443 2864 538 2928 etism
549 2865 665 2930 cortice
681 2865 743 2945 ovi,
758 2887 832 2929 curn
848 2887 942 2951 aqua,
958 2873 990 2928 et
1001 2864 1052 2928 fac
1066 2863 1176 2928 bullire
1192 2863 1276 2930 lente
1290 2863 1394 2929 donec

298 2966 529 3053 aliquantulum
556 2967 597 3030 sit
621 2968 787 3046 decorata3
814 2975 846 3030 et
874 2965 1056 3051 refrigerata
1082 2963 1253 3043 modicum,
1278 2963 1393 3032 deinde

299 3089 382 3154 pone
408 3068 534 3131 elumen
559 3068 689 3146 bonum,
716 3077 889 3154 temperate
915 3069 989 3154 quis
1015 3068 1095 3131 bene
1119 3065 1274 3130 salsasurn
1295 3069 1394 3132 velles

298 3169 385 3248 illud,
400 3178 510 3255 postea
525 3169 644 3233 calefac
664 3170 826 3234 modicum
846 3169 1005 3233 movendo
1020 3167 1136 3232 omnia.
1181 3166 1392 3251 Refrigerato,

299 3295 337 3337 eo
360 3293 444 3358 pone
466 3273 584 3336 clarum
608 3269 660 3334 ovi
675 3279 707 3334 et
728 3269 852 3334 dimitte
873 3269 976 3334 donec
999 3277 1157 3332 moturum
1178 3268 1220 3332 sit
1234 3275 1307 3352 post
1320 3268 1392 3332 dum

299 3373 437 3437 veltres
466 3373 545 3438 dies.
602 3371 700 3447 Quod
727 3371 753 3436 si
778 3371 871 3436 nimis
895 3369 1014 3436 clerum
1041 3378 1091 3434 est
1113 3390 1196 3454 pone
1216 3367 1271 3432 ubi
1292 3367 1393 3453 possit

298 3473 438 3561 spissari,
459 3496 524 3540 non
546 3485 654 3539 tomen
677 3475 717 3538 sd
740 3474 850 3553 solem,
872 3481 906 3537 et
924 3473 970 3540 sic
984 3470 1208 3537 meliombitur.
1254 3469 1346 3534 Pone
1359 3483 1393 3534 st

298 3576 510 3661 fragmentum
537 3576 647 3640 brisilli
672 3575 753 3640 bene
779 3575 935 3640 minutum
960 3574 995 3638 in
1020 3575 1124 3638 clares
1150 3571 1235 3652 forti,
1261 3579 1394 3657 etpost

299 3677 371 3740 dum
400 3677 450 3739 vel
481 3684 546 3740 tres
581 3678 684 3741 donec
720 3676 763 3740 sit
797 3685 1000 3741 maturatum.
1052 3673 1228 3739 Pestellum
1263 3694 1392 3759 qnoque

299 3777 416 3864 poteris
441 3776 667 3864 distemporsre
696 3778 836 3844 secunda
860 3779 912 3841 vel
939 3776 1033 3841 tertia
1055 3776 1134 3855 rice,
1163 3776 1220 3841 sed
1247 3795 1325 3840 osvo
1349 3796 1392 3838 ns

299 3887 401 3944 totum
423 3879 577 3944 siccatum
599 3881 650 3945 sit.
688 3881 779 3944 'Azur
800 3888 947 3944 terrestre
966 3878 1050 3942 mole
1070 3897 1164 3962 super
1182 3885 1304 3961 petrem
1317 3893 1392 3940 enm

299 4001 392 4068 aquo.
407 3979 565 4046 movendo
588 3981 687 4069 digito
710 3991 741 4047 et
763 3982 953 4068 opponendo
971 4001 1066 4067 equs,
1080 3986 1117 4043 ut
1131 3977 1230 4064 possit
1243 3997 1299 4062 psr
1312 3997 1393 4062 pan·

298 4105 376 4148 num
394 4085 527 4148 transire
547 4093 660 4170 postes
680 4085 750 4149 cols
770 4106 827 4170 per
849 4105 989 4169 pannum
1010 4081 1181 4146 delicatum
1196 4087 1232 4142 ut
1246 4079 1393 4144 mundior

298 4183 347 4248 sit.
393 4183 467 4260 Quo
484 4186 648 4270 purificato
667 4193 699 4250 et
719 4185 890 4262 exsiccato,
910 4205 993 4270 pone
1008 4182 1144 4246 claresm
1159 4178 1294 4258 fortem3
1317 4199 1394 4264 pos-

297 4293 350 4348 tes
372 4285 481 4372 accipe
504 4287 545 4350 de
567 4288 673 4352 vitello
699 4286 752 4350 ovi
775 4285 864 4350 crudi
889 4293 922 4350 et
947 4285 1138 4348 misoscum
1160 4302 1244 4366 equs
1265 4288 1298 4345 et
1317 4280 1393 4347 vino

299 4387 470 4474 mquslitor,
485 4397 518 4454 et
531 4389 624 4456 valde
644 4409 727 4476 pone
749 4409 860 4474 parurn
880 4386 914 4450 in
933 4386 1051 4467 colore,
1066 4393 1098 4448 et
1112 4383 1208 4450 fscint
1222 4383 1336 4448 melius
1349 4383 1393 4450 de
