3140 5152
677 489 866 534 rasorium
891 489 995 532 LIBER
1019 489 1071 532 111.

538 765 766 864 CAPUT
824 761 1198 862 LXXXVIII.

579 1013 753 1065 ausurus
777 1011 938 1056 STAGNUII
962 1009 1164 1054 sounsnvn.

405 1147 590 1215 ERCUTE
605 1147 639 1210 in
654 1157 770 1232 stagno
785 1143 877 1231 quasi
895 1143 976 1207 duos
996 1141 1117 1227 cyphos
1132 1141 1288 1227 aequales,
1311 1147 1347 1200 et
1361 1157 1434 1199 cou-
1530 1191 1534 1204 ,

421 1254 522 1340 junge
537 1251 607 1316 illos
622 1249 654 1313 in
669 1249 786 1326 medio,
807 1247 852 1311 its
866 1256 903 1311 ut
922 1267 978 1310 ora
992 1245 1133 1309 naiasin
1148 1245 1249 1307 alters
1265 1239 1435 1328 procedat,

326 1357 528 1446 inpositoque
543 1355 596 1419 illo
611 1353 666 1440 qui
680 1351 822 1416 continet
836 1347 992 1413 cineribus
1007 1347 1126 1424 calidis,
1142 1355 1268 1432 partem
1287 1341 1434 1429 ejusdem

328 1460 443 1546 stagni,
466 1456 587 1544 plumbi
609 1455 706 1519 tercia
729 1461 818 1539 parte
842 1449 996 1528 admixta,
1018 1457 1145 1536 percute
1171 1447 1384 1524 tenuissime,
1406 1451 1436 1505 et

328 1561 517 1626 intercidens
547 1555 757 1646 particulatim
786 1556 990 1640 circumpone
1002 1577 1011 1631 3
1047 1551 1262 1638 adhibitisque
1296 1545 1436 1612 modicis

329 1647 518 1728 carbonibus
548 1659 665 1747 ignitis,
695 1679 770 1722 mox
800 1667 836 1722 ut
863 1655 1027 1721 incaluerit
1055 1655 1258 1739 circumunge
1293 1652 1434 1716 resiamn

329 1765 450 1843 abietis,
480 1771 512 1827 et
537 1783 612 1827 mox
642 1762 727 1846 ipsas
753 1759 922 1846 particulas
948 1758 1119 1845 liquescere
1144 1779 1182 1820 ac
1208 1753 1435 1819 circumfluere

329 1865 462 1930 videbis.
518 1863 601 1928 Mox
622 1863 812 1928 carbonibus
831 1861 957 1940 amotis,
979 1859 1196 1946 refrigeratum
1215 1859 1353 1921 firmum
1369 1855 1434 1918 erit.
1542 1857 1543 1890 r

331 1967 403 2030 Hoc
426 1967 523 2030 modo
538 1965 664 2030 solidari
687 1973 791 2051 potest
813 1962 961 2051 quicquid
985 1962 1112 2049 inpuro
1135 1971 1250 2048 stagno
1273 1971 1329 2025 est
1344 1977 1434 2044 opus,

330 2067 483 2147 videlicet,
506 2065 655 2132 effusoria
675 2067 708 2130 in
727 2065 874 2152 ampullis
888 2075 921 2130 et
935 2065 1093 2145 auriculae,
1116 2073 1212 2151 atque
1237 2064 1389 2150 ligature
1403 2059 1433 2120 in

330 2169 445 2257 quibus
456 2169 604 2256 opercula
617 2167 766 2255 pendent,
780 2178 813 2233 et
827 2168 854 2232 si
868 2167 984 2254 aliquid
997 2167 1139 2232 foramen
1151 2166 1182 2228 in
1195 2166 1279 2229 fusili
1291 2162 1435 2249 empulls

331 2293 387 2357 per
401 2271 624 2360 negligentiam
640 2271 816 2356 contigerit.

618 2595 1148 2608 w*-

588 2856 820 3010 cnpun
876 2853 1175 2951 cxxxix.

647 3089 692 3132 DE
716 3089 903 3134 FUNDENDO
927 3089 1126 3136 Essusomo.

415 3251 555 3322 OTEST
574 3256 668 3320 etiem
689 3255 871 3321 effusorium
892 3255 982 3320 facile
1001 3255 1047 3318 ita
1061 3255 1200 3335 formari,
1222 3263 1258 3318 ut
1277 3255 1435 3320 incidatur
1542 3301 1543 3312 ,

436 3359 532 3424 fissile
554 3357 676 3444 liguum
699 3356 878 3436 rotundum,
901 3365 933 3421 et
954 3356 1073 3422 foretur
1094 3358 1219 3422 terebro
1240 3357 1273 3420 in
1295 3358 1435 3443 longitu-

336 3463 421 3541 dine,
443 3484 508 3526 non
530 3481 630 3546 usque
645 3459 686 3524 ad
706 3461 812 3538 finem,
835 3467 867 3523 et
882 3459 1020 3522 findatur
1041 3481 1096 3544 per
1118 3458 1268 3536 medium,
1290 3466 1387 3545 atque
1403 3460 1435 3522 in

338 3567 460 3648 integro
473 3563 526 3626 illo
538 3563 690 3626 formetur
700 3562 853 3640 foramen,
875 3560 925 3624 cui
937 3561 1052 3624 serrum
1073 3561 1244 3626 rotundum
1258 3562 1434 3626 secundum

339 3663 517 3726 interiorem
540 3662 780 3748 amplitudinem
796 3661 948 3742 infusorii,
964 3663 1050 3726 tenui
1065 3663 1177 3748 argillis
1193 3663 1304 3726 illitum
1326 3663 1436 3749 injun-

339 3771 441 3850 gatur,
464 3771 496 3825 et
511 3761 585 3826 foris
602 3761 703 3829 valide
718 3763 960 3852 circumligetur,
977 3773 1199 3852 stagnumque,
1213 3766 1256 3829 illi
1271 3766 1437 3844 calefacto,
1541 3813 1543 3850 ἶ

339 3863 533 3928 infundatur.
580 3863 654 3939 Quo
667 3865 850 3952 refrigerato
870 3867 991 3952 lignum
1007 3869 1157 3947 solvatur,
1173 3879 1205 3931 et
1220 3869 1336 3931 ferrum
1351 3870 1439 3955 ejici·
1542 3862 1543 3942 l

341 3980 423 4048 atur,
439 3965 683 4056 effirsoriumque
703 3968 846 4033 limatum
863 3979 894 4032 et
910 3971 1082 4056 planatum,
1098 3971 1195 4036 modo
1211 3993 1274 4058 quo
1294 3973 1440 4057 superius

343 4073 461 4136 dictum
477 4079 534 4150 est,
550 4071 617 4136 vasi
632 4072 854 4136 consolidetur.
