3236 5144
285 503 348 566 204
536 525 709 570 rnonoous
734 527 768 570 m
794 527 927 570 nraauu
953 529 1116 574 rasurum.

284 677 477 760 abscondis,
503 681 566 750 sed
591 702 671 750 cum
698 681 901 754 humilitate
927 683 1043 775 palam
1069 684 1246 777 operando
1269 695 1307 756 et
1326 687 1386 756 do-

284 798 407 876 cendo,
439 819 649 890 cognoscere
679 799 903 890 cupientibus
932 801 1085 872 fideliter
1114 801 1289 884 ostendis3
1324 825 1385 893 per

283 913 445 1004 spiritum
463 911 680 984 fortitudinis
697 936 840 984 omnem
857 917 1021 1009 segnitiei
1039 925 1217 1009 torporem
1238 919 1385 998 excutis,

284 1039 321 1100 et
347 1030 513 1122 quicquid
540 1052 610 1098 non
636 1029 734 1100 lento
756 1033 941 1101 conamine
964 1032 1098 1126 incipis,
1122 1030 1236 1124 plenis
1255 1034 1385 1104 viribus

283 1147 328 1216 ad
346 1145 512 1216 effectum
528 1145 712 1238 perducis;
736 1147 979 1238 perspiritum
997 1147 1152 1217 scientiae
1170 1169 1384 1230 concessum,

284 1263 542 1334 exabundanti
567 1263 674 1333 corde
700 1262 889 1333 dominaris
914 1264 1063 1356 ingenio,
1087 1272 1124 1332 et
1141 1286 1211 1354 quo
1228 1261 1385 1356 perfecte

283 1379 439 1450 abundas
465 1379 578 1470 plenae
603 1379 733 1449 mentis
760 1378 905 1448 audacia
932 1378 1042 1448 uteris
1068 1379 1104 1446 in
1134 1378 1297 1471 publico;
1323 1401 1386 1470 per

283 1495 445 1586 spiritum
467 1495 620 1587 pietatis,
644 1493 737 1587 quid,
764 1495 830 1576 cui,
858 1495 1008 1584 quando,
1033 1501 1207 1585 quantum
1225 1495 1283 1566 vel
1300 1517 1385 1586 qua·

284 1611 366 1681 liter
390 1611 515 1703 operis,
532 1619 570 1680 et
597 1632 642 1680 ne
667 1610 834 1701 subrepat
859 1609 1014 1679 avaritiae
1031 1631 1095 1678 seu
1112 1611 1317 1701 cupiditatis
1336 1611 1383 1678 vi·

284 1727 384 1809 tium,
410 1726 582 1796 mercedis
606 1727 761 1817 pretium
788 1725 847 1818 pia
869 1723 1148 1795 consideratione
1171 1723 1384 1808 moderaris3

284 1863 347 1933 per
372 1840 533 1934 spiritum
561 1841 696 1911 timoris
714 1839 860 1910 Domini
884 1847 922 1909 te
946 1837 1035 1908 nihil
1060 1861 1105 1907 ex
1128 1844 1166 1907 te
1183 1861 1285 1930 posse
1302 1863 1384 1910 con-

283 1957 422 2036 sideras,
450 1955 537 2024 nihil
563 1957 805 2026 inconcessum
831 1977 853 2024 a
878 1953 958 2026 Deo
985 1963 1022 2024 te
1053 1953 1182 2024 habere
1207 1977 1269 2026 seu
1292 1954 1384 2026 velle

283 2071 426 2164 cogitas,
453 2069 514 2140 scd
532 2068 717 2152 credendo,
740 2069 952 2152 confitendo,
969 2071 1100 2164 gratias
1122 2070 1269 2163 agendo,
1288 2071 1384 2161 quic-

283 2186 367 2279 quid
393 2185 494 2268 nosti,
513 2185 570 2256 vel
596 2207 643 2266 es,
669 2193 731 2254 aut
758 2207 833 2256 esse
851 2195 961 2278 potes,
989 2187 1113 2256 divinae
1140 2185 1383 2257 misericordiae

284 2311 436 2396 reputas.

336 2671 403 2742 His
444 2672 614 2740 virtutum
651 2667 937 2760 stipulationibus
976 2669 1160 2748 animatus,
1208 2668 1383 2737 carissime

286 2787 365 2870 Fili,
391 2787 535 2857 domum
563 2785 642 2866 Dei,
673 2782 883 2854 fiducialiter
905 2804 1097 2876 aggressus,
1128 2788 1230 2851 tanto
1264 2781 1383 2873 lepore

284 2903 466 2982 decorasti,
510 2909 547 2970 et
586 2900 764 2991 laquearia
800 2921 864 2968 seu
900 2900 1055 2991 parietes
1095 2898 1233 2968 diverso
1267 2920 1382 2990 opere,

284 3018 497 3108 diversisque
523 3015 696 3085 coloribus
724 3015 943 3108 distinguens
964 3013 1124 3107 paradysi
1142 3012 1213 3084 Dei
1229 3015 1382 3106 speciem

284 3131 425 3202 floribus
443 3131 545 3200 variis
558 3139 773 3213 vernantem,
790 3131 948 3224 gramine
966 3131 1127 3222 foliisque
1143 3130 1327 3212 virentem,
1345 3139 1382 3201 et

284 3259 484 3322 sanctorum
501 3249 633 3318 ammas
651 3246 778 3317 diversi
793 3247 912 3316 meriti
936 3245 1071 3317 coronis
1088 3245 1279 3327 foventem,
1298 3269 1383 3338 quo-

285 3365 471 3437 dammodo
500 3364 750 3456 aspicientibus
772 3364 966 3444 ostendisti,
996 3361 1160 3454 quodque
1188 3371 1382 3432 creatorem

284 3479 403 3552 Deum
428 3482 463 3548 in
489 3487 651 3550 creatura
675 3479 830 3562 laudant,
848 3489 886 3550 et
911 3478 1108 3550 mirabilem
1126 3479 1164 3546 in
1181 3479 1253 3548 suis
1270 3479 1383 3570 operi-

103 3589 349 3734 „spbus
379 3597 581 3688 praedicant,
613 3595 768 3666 effecisti.
822 3593 898 3665 Nec
928 3596 1022 3664 enim
1049 3593 1265 3686 perpendere
1287 3593 1382 3664 valet

283 3709 456 3779 humanus
474 3709 604 3792 oculus,
622 3712 679 3780 cui
698 3711 794 3803 operi
813 3712 964 3804 primum
981 3710 1093 3782 aciem
1112 3709 1256 3804 infigat;
1282 3711 1310 3779 si
1329 3733 1382 3780 re·

283 3824 386 3917 spicit
403 3824 587 3916 laquearia,
605 3835 752 3898 vernant
778 3827 874 3919 quasi
900 3826 1026 3919 pallia;
1051 3827 1078 3896 si
1107 3827 1304 3898 considerat
1320 3848 1381 3917 pa-
