3140 5152
303 507 366 568 35⁸2
627 525 817 570 renormat
844 523 944 568 ninum
969 525 1020 570 111.

304 697 398 761 super
427 697 547 762 organa
577 677 754 762 deponitur.
811 676 919 741 Habet
949 699 1078 764 quoque
1111 677 1179 761 ipsa
1209 674 1417 740 domuncula

304 779 432 864 pinnam
448 799 487 842 ex
503 779 615 842 eodem
639 800 755 864 panno,
779 779 872 866 lignis
894 786 1031 865 quatuor
1045 779 1077 842 in
1093 779 1230 864 speciem
1255 777 1415 864 trianguli

303 891 476 957 extensam,
499 878 532 942 in
550 881 640 966 cujus
663 882 807 946 summo¹
831 882 956 966 sperula
969 880 1075 967 lignea
1090 889 1162 959 stet,
1183 880 1235 945 cui
1248 880 1415 943 funiculus

303 982 442 1046 inhaeret.
468 981 571 1045 Folles
581 991 613 1045 et
623 983 866 1047 instrumentum
875 1005 969 1069 super
983 984 1069 1070 quod
1076 984 1216 1069 jaceant,
1228 981 1414 1046 secundum

303 1083 397 1146 situm
414 1083 474 1148 loci
489 1084 529 1146 ad
546 1084 651 1148 libitos
666 1093 738 1148 tuos
751 1085 895 1171 dispone.

555 1590 794 1688 CAPUT
853 1591 1146 1687 LXXXIV.

472 1815 516 1858 Dll
542 1814 636 1858 DOMO
660 1813 793 1858 CUPREA
819 1813 860 1856 ET
883 1813 1118 1856 consmronlo
1143 1811 1233 1856 BJUC.

304 1963 600 2114 SECUNDUM
624 1962 850 2026 abundantiam
876 1962 1049 2026 fistularum
1070 1962 1201 2046 dispone
1229 1963 1405 2049 longitudi-

386 2085 457 2127 nem
474 2077 504 2127 et
521 2065 716 2128 latitudinem
742 2066 867 2143 domus,
883 2076 914 2127 et
937 2063 987 2128 fac
1003 2068 1137 2128 formam
1154 2065 1185 2127 in
1204 2065 1316 2150 argilla
1333 2091 1405 2131 ma-

302 2175 417 2240 cerata,
448 2168 662 2254 siccatamque
695 2169 861 2254 diligenter
896 2167 998 2231 incide
1031 2168 1221 2254 quiscunque
1251 2171 1403 2234 mensura

303 2269 447 2346 volueris,
460 2279 491 2333 et
505 2269 631 2354 cooperi
647 2292 728 2350 cera,
740 2269 906 2354 diligenter
922 2271 1002 2333 inter
1017 2270 1096 2332 duas
1108 2270 1269 2356 aequaliter
1279 2273 1402 2355 spissas

302 2371 443 2436 hastulas
466 2393 538 2435 cnm
562 2373 697 2436 rotundo
720 2371 807 2456 ligno
828 2373 1000 2437 attenuati.
1049 2373 1173 2436 Deinde
1196 2374 1297 2436 incide
1315 2373 1401 2437 fora-

303 2475 388 2538 mina
411 2474 588 2558 lingnarum
612 2475 643 2536 in
659 2475 727 2560 ipsa
749 2495 830 2543 cera.
853 2483 885 2536 et
907 2475 1049 2538 foramen
1072 2475 1213 2552 inferius,
1238 2497 1292 2560 per
1308 2477 1398 2562 quod

302 2587 413 2641 ventus
443 2578 594 2654 introeat;
626 2577 742 2639 additis
772 2577 945 2661 spiraculis,
984 2599 1056 2640 cum
1088 2575 1240 2640 infusorio
1271 2579 1401 2662 cooperi

302 2679 411 2742 eadem
435 2679 546 2762 argilla
569 2680 675 2757 semel,
706 2689 737 2743 et
759 2679 870 2742 iterum
895 2701 932 2741 ac
956 2680 1056 2742 tertio.
1117 2677 1252 2764 Cunqne
1282 2679 1402 2742 siccata

303 2781 394 2844 fuerit
410 2781 521 2859 forma,
544 2781 657 2845 eodem
677 2781 773 2844 modo
792 2781 888 2844 funde
910 2805 974 2868 quo
998 2804 1090 2867 supra
1111 2781 1245 2845 formam
1261 2781 1401 2844 turibuli.

302 2882 531 2946 Conflatorium
547 2905 674 2970 quoque
690 2882 840 2947 formabis
861 2883 893 2946 in
910 2883 1019 2968 argilla
1044 2883 1287 2968 procedentibus
1304 2883 1400 2945 undi-

301 3005 362 3070 que
397 2985 523 3046 inferius
550 2986 632 3048 venti
656 2985 801 3060 aditibus,
832 2985 872 3048 ad
901 2985 1138 3049 similitudinem
1162 2984 1275 3048 radicis
1305 2985 1400 3048 unius

301 3087 431 3164 arboris,
445 3095 477 3150 et
493 3087 525 3150 in
537 3109 662 3151 summo
675 3087 705 3150 in
720 3109 815 3150 unum
830 3089 971 3151 foramen
984 3089 1254 3152 convenientibus
1300 3087 1398 3161 Quod

300 3212 372 3252 cum
389 3200 567 3253 mensurate
590 3189 779 3275 dispositum
795 3191 921 3255 cultello
937 3191 1094 3266 incideriS,
1116 3191 1242 3275 cooperi
1259 3191 1343 3267 ceri,
1366 3203 1400 3252 et

300 3293 351 3356 fac
372 3293 453 3356 sicut
476 3315 579 3378 supra.
626 3293 773 3380 Cumque
795 3293 908 3356 domus
932 3291 1049 3354 fuderis
1071 3293 1247 3376 conjunges
1270 3291 1401 3354 interius

300 3395 462 3460 altitudine
478 3397 570 3458 unius
585 3396 675 3480 digiti
691 3417 709 3458 a
725 3395 835 3470 fund0‚
852 3394 992 3458 tabulam
1009 3415 1157 3478 cupream
1174 3395 1321 3458 ductilem
1338 3393 1400 3456 sub

300 3497 504 3561 foraminibus
528 3500 703 3582 linguarum
727 3497 897 3582 aequaliter,
922 3509 956 3558 ut
979 3517 1074 3580 supra
1097 3517 1168 3558 eam
1191 3497 1267 3582 ipsoe
1282 3497 1399 3581 linguae

295 3599 433 3682 jaceant,
445 3601 486 3662 ita
499 3608 533 3662 ut
546 3601 668 3685 possint
679 3599 839 3685 aequaliter
849 3599 977 3683 produci
988 3609 1020 3660 et
1029 3599 1144 3675 induci,
1158 3599 1304 3683 illitisque
1320 3598 1400 3682 ipsis

301 3700 412 3784 linguis
444 3701 527 3763 tonui
552 3701 673 3786 argilla,
708 3701 862 3786 reliquum
886 3699 1000 3764 domus
1032 3700 1201 3786 perfundes
1227 3701 1400 3786 liquefacto

298 3802 438 3886 plumbo,
463 3823 518 3887 per
540 3803 656 3880 omnia,
672 3825 764 3888 snper
787 3803 871 3888 ipsas
895 3804 1018 3886 linguas
1041 3825 1140 3889 usque
1164 3805 1203 3866 ad
1228 3825 1398 3866 summum.

300 3901 374 3978 Quo
398 3905 492 3982 fact0,
518 3905 624 3992 ejicies
647 3907 749 3991 ipsum
774 3907 939 3991 plumbum
963 3907 1130 3992 diligenter
1152 3904 1400 3991 designabisque

300 4007 452 4072 foramina
471 4008 647 4072 fistularum
663 4009 693 4072 in
712 4009 843 4094 linguis;
868 4009 982 4071 deinde
999 4009 1029 4070 in
1046 4008 1114 4092 ipso
1130 4008 1260 4092 plumbo
1276 4016 1397 4070 etcum

298 4111 406 4194 gracili
430 4113 521 4190 ferro,
545 4114 592 4177 vel
617 4114 750 4192 terebro,
775 4112 947 4198 perforabis
972 4111 1224 4196 diligentissime.
1271 4109 1399 4172 Deinde

297 4211 357 4274 sub
378 4213 493 4300 linguis
518 4223 680 4278 ventorum
701 4213 857 4277 aditibus'
881 4213 989 4290 facies,
1014 4215 1145 4278 induces
1166 4214 1251 4298 ipsas
1271 4213 1399 4298 linguas

297 4313 436 4399 singulas
454 4315 485 4378 in
506 4317 569 4380 suis
585 4317 673 4395 locis,
696 4327 792 4400 atque
810 4338 939 4402 repones
955 4317 1122 4401 plumbum
1138 4329 1169 4380 et
1185 4337 1257 4379 cum
1280 4314 1399 4379 malleo

525 4477 531 4506 ¹
549 4477 671 4538 sphenmt
952 4476 962 4505 ¹
979 4478 1097 4526 “aditus''
1113 4479 1168 4526 frito.
