3140 5152
313 495 378 560 356
653 515 847 560 τιιιιοιιιιιι
875 517 978 560 ursan
1004 519 1057 560 ιιι.

315 675 515 730 convertatur
537 668 673 732 rotunda
689 669 864 746 summitas,
887 679 920 732 et
934 669 965 732 in
981 671 1081 732 altero
1095 691 1114 730 e
1129 677 1240 730 contra
1259 669 1436 754 aeqnaliter
1549 735 1550 738 Ἴ

316 769 373 832 liat
388 769 522 832 incisura
538 770 663 834 duobus
678 772 787 858 digitis
810 772 977 859 protunda,
996 773 1027 836 in
1043 795 1107 858 qua
1123 773 1269 835 volvatur
1286 772 1434 834 rotunda
1549 821 1550 836 ι

315 872 461 935 incisura.
507 871 582 947 Quo
604 873 702 953 facto,
727 898 817 939 sume
838 875 940 962 ipsum
964 875 1084 961 lignum
1108 883 1142 939 et
1160 875 1374 961 circumpone
1400 875 1432 938 ei

314 973 455 1058 argillam
476 973 597 1038 fortiter
616 987 822 1058 maceratam,
843 979 986 1064 inprimis
1001 978 1127 1042 duobus
1141 979 1252 1064 digitis
1273 977 1430 1062 spissam,

315 1075 380 1162 quit
394 1075 561 1162 diligenter
575 1077 704 1156 siccata,
716 1103 859 1166 suppone
875 1081 903 1144 ei
920 1083 1062 1158 alteram,
1079 1081 1187 1167 sicque
1203 1080 1304 1142 facies
1320 1079 1430 1142 donec

316 1179 418 1242 forum
437 1181 633 1265 compleatur
655 1193 807 1269 quantam
829 1205 900 1246 eam
923 1183 1041 1247 babere
1064 1183 1210 1261 volueris,
1234 1193 1268 1248 et
1288 1204 1373 1246 cave
1389 1203 1430 1244 ne

317 1305 456 1370 unquam
478 1307 673 1370 superponas
693 1289 837 1374 argillam
854 1287 942 1352 alteri
959 1289 1018 1351 nisi
1038 1288 1167 1351 inferior
1187 1288 1323 1352 omniub
1339 1287 1429 1350 sicea

316 1387 419 1451 suerit.
466 1387 591 1452 Deinde
613 1391 736 1454 colloca
761 1391 863 1477 ipsam
893 1391 1028 1455 sormam
1053 1391 1135 1453 inter
1160 1413 1287 1453 asseres
1315 1411 1428 1475 super-

317 1492 462 1576 scriptos,
481 1502 512 1555 et
527 1493 656 1556 sedente
673 1515 769 1578 puero
785 1496 839 1579 qui
857 1503 970 1572 vertat,
991 1515 1065 1556 cum
1081 1493 1180 1571 ferris,
1203 1492 1245 1554 ad
1262 1491 1329 1555 boc
1345 1513 1428 1576 opus

318 1594 408 1678 aptis,
432 1595 574 1659 tornabis
594 1617 665 1658 eam
686 1597 768 1660 sicut
789 1597 923 1660 volueris
939 1606 972 1661 et
989 1607 1103 1660 tenens
1124 1617 1267 1682 pannum
1290 1595 1323 1658 in
1340 1617 1427 1681 aqua

320 1697 531 1760 madefactum
547 1719 617 1761 eam
633 1700 786 1785 aequabis.

368 2216 448 2282 Post
468 2217 535 2282 baec
557 2221 673 2282 tollens
693 2220 818 2306 adipem
843 2224 977 2287 concide
1000 2222 1155 2286 subtiliter
1174 2221 1206 2285 in
1229 2245 1306 2287 vase
1328 2235 1425 2310 atque

322 2321 468 2384 manibus
490 2345 625 2398 macera,
647 2323 844 2410 confixisque
867 2325 993 2390 duobus
1015 2324 1187 2412 aequalibus
1217 2326 1313 2411 lignis
1344 2329 1426 2411 spis·

321 2425 457 2488 situdine
486 2447 551 2512 qua
586 2427 730 2504 volueris,
766 2448 860 2511 super
894 2449 1033 2491 asserem
1068 2428 1220 2513 aequalem
1250 2429 1283 2490 in
1318 2429 1425 2492 medio
1493 2499 1495 2502 y

322 2551 430 2594 eornm
466 2531 604 2616 positum
638 2529 764 2614 adipem
799 2531 991 2609 attenuabis,
1025 2540 1058 2594 et
1092 2530 1233 2615 aequabis
1264 2553 1341 2594 cnm
1375 2553 1426 2594 ro-

321 2632 422 2697 tundo
460 2633 559 2718 ligno,
593 2633 674 2698 sicut
698 2654 771 2696 cera
799 2634 955 2718 superius,
985 2633 1149 2718 suppositi
1178 2633 1262 2718 aqud
1293 2655 1335 2696 ne
1367 2635 1427 2697 ad—

321 2735 438 2814 hereat,
473 2738 644 2823 statimque
673 2737 718 2801 ita
753 2743 882 2824 repente
916 2738 1037 2802 levabis
1071 2746 1104 2801 et
1133 2736 1293 2800 colocabis
1328 2759 1426 2822 super

321 2840 466 2918 sormam,
496 2853 591 2928 atque
621 2841 724 2905 calido
755 2842 837 2904 ferro
871 2840 1151 2906 circumsolidabis.
1203 2837 1343 2902 Rursum
1376 2851 1427 2902 at-

321 2953 455 3006 tenuans
477 2945 590 3007 eodem
622 2943 718 3008 modo
745 2966 841 3007 unam
872 2953 993 3029 partem
1024 2943 1137 3028 adipis,
1162 2943 1254 3028 juxta
1283 2943 1425 3028 priorem

320 3045 501 3123 collocabis,
519 3047 627 3131 sicque
643 3046 739 3108 facies
751 3047 853 3110 donec
869 3047 1003 3110 formam
1016 3046 1186 3131 cooperies.
1232 3045 1331 3109 Oram
1348 3069 1427 3110 vero

321 3170 485 3235 campanae
507 3148 546 3212 ad
570 3148 693 3211 libitum
717 3159 806 3212 tuum
832 3149 968 3234 spissam
996 3150 1101 3214 facies
1151 3149 1286 3234 Adipem
1314 3159 1425 3213 autem

322 3253 452 3317 omuino
478 3253 696 3338 refrigeratum
724 3252 813 3316 ferris
839 3255 940 3316 acutis
967 3253 1119 3330 tornabis‚
1146 3263 1178 3316 et
1204 3253 1230 3315 si
1256 3253 1333 3338 quid
1361 3255 1426 3316 rari

320 3355 423 3440 operis
439 3357 574 3420 volueris
597 3357 681 3420 circa
703 3357 800 3420 latera
822 3378 997 3442 campanae,
1020 3357 1145 3434 florum,
1167 3357 1233 3419 sive
1251 3355 1426 3434 literarum,

322 3459 354 3522 in
370 3460 463 3544 adipe
478 3459 635 3536 exarabis,
648 3469 846 3545 quatuorque
859 3460 1014 3522 foramina
1029 3459 1187 3544 triangula
1197 3459 1290 3544 juxta
1305 3461 1427 3522 collum

322 3573 358 3622 ut
372 3561 484 3623 melius
504 3561 619 3623 tinniat
637 3561 800 3625 formabis.
847 3561 973 3624 Deinde
989 3561 1131 3644 argillam
1146 3561 1314 3625 cribratam
1329 3570 1362 3624 et
1377 3563 1429 3624 di-

322 3661 454 3746 ligenter
477 3661 609 3724 mixtam
633 3683 838 3748 superpones,
862 3685 925 3750 qua
951 3665 1080 3744 siccata,
1107 3666 1236 3728 alteram
1260 3675 1293 3728 et
1314 3687 1429 3750 snper-

323 3763 432 3828 addes.
481 3763 655 3828 usitidem
671 3765 802 3830 omnino
817 3767 937 3831 siccata
952 3779 1117 3831 convertes
1133 3767 1268 3831 formam
1281 3769 1314 3830 in
1329 3769 1429 3846 latuS,

323 3877 419 3956 atque
435 3866 545 3930 leniter
567 3869 772 3953 percutiendo
795 3870 910 3934 educes
932 3870 1064 3956 lignum,
1088 3891 1284 3956 rursumque,
1299 3873 1429 3937 elevata

322 3972 434 4050 forma,
450 3971 592 4035 foramen
609 3973 751 4058 superius
771 3971 917 4057 implebis
932 3973 1043 4058 argilla
1057 3973 1153 4050 molli,
1169 3982 1201 4037 et
1215 3995 1345 4037 curvum
1363 3975 1428 4038 fer-

322 4097 402 4154 rum,
426 4075 457 4137 in
481 4097 545 4160 quo
568 4075 694 4139 batillus
716 4076 854 4162 pendere
877 4075 983 4155 debet,
1004 4075 1038 4137 in
1060 4075 1233 4140 meditullio
1249 4075 1428 4160 imprimes

321 4179 367 4242 ita
383 4188 417 4241 ut
432 4179 629 4242 summitates
645 4179 713 4264 ejus
730 4177 806 4241 foris
821 4177 991 4242 emineant.
1036 4176 1183 4264 Cumque
1197 4179 1315 4241 siccata
1331 4179 1430 4246 luerit

321 4283 443 4368 argilla,
460 4281 509 4345 fae
524 4293 560 4345 ut
575 4282 705 4367 aequalis
728 4280 770 4344 sit
786 4280 913 4366 reliquae
932 4279 1052 4358 formae,
1068 4291 1163 4366 atque
1179 4280 1303 4366 cooperi
1320 4281 1428 4367 adipe,

321 4388 365 4450 ita
392 4397 428 4449 ut
451 4386 646 4449 sununitates
672 4386 743 4449 ferri
772 4383 803 4446 in
828 4383 897 4470 ipso
923 4383 1123 4447 abundanter
1148 4385 1296 4448 haereant.
1341 4381 1430 4447 Post

321 4489 389 4554 baec
406 4489 506 4554 forma
522 4489 649 4569 collum,
665 4497 761 4574 atque
781 4508 884 4566 aures,
900 4496 932 4550 et
947 4486 1139 4571 spiraculum
1156 4487 1221 4549 sive
1237 4485 1426 4550 infusorium
