3236 5144
656 433 847 478 'rusorum
871 435 976 478 LIBER
1000 436 1052 478 111.

562 713 791 814 CAPUT
851 715 1113 814 XLVIII.

653 937 699 980 DE
722 937 815 982 Auno
839 937 1045 984 avanulum

302 1087 429 1240 EST
444 1101 540 1154 etiam
559 1111 680 1169 aurum,
696 1089 782 1176 quod
798 1089 913 1153 dicitur
939 1089 1171 1176 Hyspanicum,
1187 1091 1273 1179 quod
1296 1093 1400 1156 confi·

400 1193 481 1256 citur
509 1213 551 1256 ex
579 1192 678 1256 rubeo
704 1213 802 1277 cupro
818 1201 850 1254 et
876 1193 1004 1278 pulvere
1026 1193 1164 1258 basilisci
1186 1204 1219 1257 et
1241 1193 1399 1278 sanguine

301 1297 443 1360 humano
466 1307 562 1384 atque
577 1305 679 1360 aceto,
723 1294 870 1360 Gentiles
892 1295 987 1374 euim,
1002 1318 1138 1382 quorum
1155 1295 1265 1382 peritia
1287 1295 1320 1358 in
1335 1296 1398 1361 bac

300 1409 368 1462 arte
383 1399 556 1484 probabilis
571 1407 630 1477 est,
646 1406 756 1462 creant
771 1397 830 1460 sibi
853 1397 1019 1461 basiliscos
1035 1398 1096 1462 boc
1111 1399 1219 1462 modo.
1264 1398 1400 1463 Habent

301 1500 362 1563 sub
377 1511 460 1564 terra
474 1501 606 1564 domum
622 1500 765 1586 superius
779 1509 812 1564 et
826 1497 958 1563 inferius
973 1520 1013 1562 ex
1029 1499 1116 1563 omni
1133 1509 1222 1586 parte
1237 1499 1397 1585 lapideam

300 1624 372 1666 cum
388 1587 512 1667 duabus
528 1602 742 1680 fenestellulis,
757 1611 822 1664 tam
838 1601 997 1680 brevibus,
1013 1610 1049 1665 ut
1066 1601 1119 1665 rix
1135 1602 1252 1688 aliquid
1269 1602 1399 1666 luminis

302 1727 358 1790 per
369 1727 423 1770 eas
439 1714 590 1792 appareat
599 1730 608 1784 ;
630 1705 663 1768 in
677 1725 773 1791 quam
790 1710 912 1790 ponunt
923 1702 1003 1766 duos
1019 1704 1120 1788 gallos
1136 1712 1257 1767 veteres
1272 1705 1397 1768 duode-

299 1807 363 1869 cim
379 1815 434 1869 aut
456 1807 638 1894 quindecim
654 1828 819 1883 annorum,
835 1814 867 1868 et
888 1805 968 1868 dant
983 1804 1028 1867 eis
1053 1804 1160 1868 cibum
1176 1805 1397 1870 sufficientem.

300 1907 365 1982 Qui
381 1929 454 1972 cum
470 1909 635 1972 incrassati
659 1909 785 1986 luerint,
800 1929 841 1971 ex
857 1906 961 1970 calore
977 1905 1180 1992 pinguedinis
1203 1908 1400 1972 conveniunt

299 2009 381 2073 inter
396 2033 429 2074 se
451 2019 483 2074 et
498 2020 622 2095 ponunt
636 2031 706 2075 ova.
751 2009 878 2084 Quibus
893 2007 1004 2093 positis
1020 2007 1175 2071 eiciuntur
1190 2009 1274 2094 galli,
1290 2018 1322 2072 et
1335 2007 1398 2071 im-

302 2112 468 2176 mittuntur
477 2112 611 2178 bufones
622 2113 676 2201 qui
689 2133 749 2176 ova
758 2112 897 2189 foveant,
903 2110 1019 2196 quibus
1030 2110 1124 2173 datur
1133 2110 1223 2194 panis
1233 2111 1266 2174 in
1275 2112 1396 2175 cibum.

302 2211 390 2279 Fotis
415 2225 521 2279 autem
549 2215 618 2280 ovis
641 2215 846 2301 egrediuntur
871 2210 964 2298 pulli¹
994 2212 1076 2276 sicut
1097 2212 1174 2297 pulli
1195 2213 1397 2299 gallinarum,

299 2318 415 2403 quibus
440 2329 513 2404 post
528 2319 595 2382 dies
620 2327 741 2403 septem
757 2325 900 2380 crescunt
927 2313 1036 2377 caudae
1052 2314 1255 2398 serpentium,
1271 2315 1397 2379 statim-

299 2442 372 2507 que,
399 2421 426 2484 si
451 2443 515 2485 uon
543 2430 628 2485 esset
657 2421 873 2506 pavimentum
897 2417 1012 2479 domus
1042 2416 1212 2501 lapideum,
1242 2419 1399 2482 intrarent

298 2530 423 2586 terram.
470 2522 567 2600 Quod
594 2533 742 2587 caventes
768 2543 876 2585 eorum
901 2518 1042 2606 magistri
1067 2518 1187 2583 babent
1206 2542 1283 2585 vasa
1304 2541 1399 2584 aeuea

300 2625 447 2704 rotunda,
458 2647 584 2712 megnae
596 2623 822 2710 amplitudinis,
832 2643 871 2686 ex
883 2620 969 2684 omni
979 2629 1068 2706 parte
1079 2621 1247 2706 perforata,
1260 2643 1396 2708 quorum

299 2748 355 2790 ora
370 2737 445 2791 sunt
459 2727 578 2804 stricta,
589 2727 706 2814 quibus
721 2727 889 2810 imponunt
898 2723 984 2807 ipsos
997 2723 1098 2807 pullus
1113 2731 1145 2785 et
1160 2723 1328 2786 obstruunt
1338 2746 1398 2788 ora

298 2829 422 2912 cupreis
449 2829 604 2913 operculis
620 2838 716 2914 atque
732 2828 790 2891 sub
806 2837 889 2890 terra
904 2824 1039 2903 fodiunt,
1054 2833 1087 2887 et
1106 2824 1302 2910 ingrediente
1318 2827 1396 2890 sub-

297 2927 343 2988 tili
353 2936 436 2991 terra
447 2951 502 3013 per
514 2929 670 2992 foramina
681 2929 860 2992 nutriuntur
872 2949 928 2992 sex
939 2926 1110 2990 mensibus.
1158 2927 1237 2992 Post
1248 2929 1317 2992 haec
1328 2929 1394 2994 dis-

298 3031 485 3113 cooperiunt
499 3040 531 3094 et
555 3031 722 3116 adponunt
736 3030 901 3116 copiosum
927 3029 1047 3115 ignem,
1063 3027 1165 3093 donec
1181 3029 1289 3094 bestiae
1312 3032 1394 3097 inte·

298 3127 363 3191 rius
375 3131 506 3196 omnino
516 3132 752 3196 comburantur.
785 3131 860 3206 Quo
872 3131 956 3194 facto
972 3152 1045 3194 cum
1056 3130 1272 3216 refrigeratum
1289 3133 1392 3216 fuerit,

297 3229 414 3296 eiciunt
433 3241 465 3296 et
479 3235 648 3320 diligenter
671 3243 787 3313 terunt,
803 3234 957 3298 addentes
980 3233 1009 3296 ei
1024 3233 1148 3296 tertiam
1172 3243 1295 3319 partem
1317 3259 1394 3302 san-

297 3335 402 3419 guinis
413 3334 550 3400 hominis
560 3338 630 3415 rufi,
646 3336 700 3423 qui
710 3336 841 3422 sairguis
856 3334 1033 3398 exsiccatus
1046 3333 1181 3400 attritus
1196 3337 1264 3400 erit.
1309 3337 1392 3403 Haec

295 3434 361 3499 duo
396 3439 573 3524 composita
605 3447 820 3523 temperantur
850 3447 942 3501 aceto
972 3457 1045 3500 acro
1074 3435 1107 3498 in
1137 3459 1212 3502 vase
1247 3441 1368 3504 mundo
1380 3465 1391 3522 ;

296 3538 411 3602 deinde
426 3541 586 3626 accipiunt
608 3540 808 3604 tenuissimas
824 3539 949 3602 tabulas
967 3538 1056 3602 rubei
1071 3541 1159 3624 cupri
1174 3541 1342 3626 purissimi,
1358 3554 1392 3606 et

295 3638 462 3720 superbas
485 3641 599 3703 liniunt
613 3641 695 3704 hanc
719 3639 950 3704 confectionem
965 3662 1004 3704 ex
1030 3651 1162 3727 utraque
1182 3655 1271 3728 parte
1293 3655 1392 3730 atque

297 3739 426 3802 mittunt
437 3739 469 3802 in
481 3741 598 3828 ignem.
644 3742 790 3828 Cumque
801 3743 996 3819 canduerint,
1008 3741 1180 3806 extrahunt
1190 3755 1222 3807 et
1232 3745 1265 3807 iu
1277 3745 1391 3811 eadem

296 3843 493 3907 confectione
509 3845 677 3932 extingunt
700 3853 732 3907 et
746 3845 864 3922 lavant,
880 3843 987 3929 sicque
1011 3843 1130 3905 tamdiu
1154 3843 1273 3906 faciunt
1286 3845 1391 3912 donec

294 3945 363 4030 ipsa
378 3947 535 4011 confectio
555 3969 688 4032 cuprum
704 3946 946 4024 transmordeat,
962 3954 994 4007 et
1015 3943 1106 4007 iude²
1120 3961 1149 4007 et
1167 3946 1305 4010 colorem
1321 3951 1390 4012 auri

294 4049 455 4134 suscipiat.
502 4049 574 4114 Hoc
590 4071 701 4114 aurum
717 4047 865 4113 omnibus
880 4047 1028 4134 operibus
1042 4056 1152 4132 aptum
1168 4057 1226 4111 est.

652 4184 658 4212 ¹
677 4189 693 4210 “
706 4183 826 4242 llarculi,”
837 4185 865 4231 in
878 4185 934 4232 θοαὶ
943 4185 1041 4247 θυιὶρὴ.

648 4264 658 4292 ⁸
676 4269 691 4291 ‘⁴
703 4265 816 4326 pondus,”
832 4267 867 4314 id.
