3140 5152
307 515 370 578 338
663 533 853 578 rnnoesrnr
881 533 984 578 arnna
1006 535 1059 577 111.

308 707 381 750 eum
397 685 516 750 eisdem
538 684 626 749 fsrris
649 685 813 770 percuties,
835 697 870 750 ut
894 686 1046 764 (extends
1063 685 1223 748 eleventur
1238 681 1407 758 tractus¹).

310 787 406 863 Quod
433 809 505 851 cnm
531 787 675 851 tamdiu
702 785 811 852 feceris
835 789 938 851 donec
961 787 1067 873 imago
1089 785 1220 864 omniuo
1241 786 1408 862 formetur,

308 913 383 955 cum
398 891 486 953 ferris
502 888 643 953 fossoriis
665 899 697 952 et
719 890 844 954 rasoriis
858 889 960 954 fodies
974 889 1058 953 cirea
1072 889 1182 952 oculos
1196 897 1229 952 et
1250 909 1354 963 nares,
1368 908 1408 950 os

310 1001 342 1054 et
356 1001 495 1056 mentum
513 999 545 1054 et
564 1013 667 1070 aures,
690 991 936 1078 designabisque
958 991 1089 1076 capillos
1103 999 1136 1054 st
1149 1011 1260 1054 omnes
1275 989 1409 1052 subtiles

310 1093 567 1158 vestimentorum
588 1101 718 1172 tractus,
740 1103 772 1158 et
793 1115 917 1180 ungues
939 1115 1089 1156 manuum
1105 1102 1138 1156 et
1157 1092 1283 1178 pedum.
1329 1089 1410 1165 Quo

310 1195 407 1275 facto,
429 1197 457 1260 si
479 1197 614 1261 volueris
636 1219 770 1262 coronas
792 1197 966 1283 imaginum
988 1217 1101 1261 ornare
1122 1195 1267 1282 gemmis,
1289 1195 1410 1257 electro

310 1308 406 1385 atque
422 1299 608 1385 margaritis,
632 1301 739 1364 statim
761 1321 892 1387 operare
912 1299 1054 1386 singulas
1070 1307 1177 1385 partes
1192 1297 1225 1360 in
1240 1319 1318 1360 suro
1331 1319 1410 1360 cum

310 1401 372 1464 filis
386 1411 418 1464 et
432 1402 615 1480 solidatus,
631 1403 712 1466 sicut
727 1401 869 1488 superius
890 1401 924 1464 in
938 1422 1033 1486 opera
1048 1399 1169 1480 calicis,
1184 1406 1217 1463 et
1230 1399 1411 1484 adjungens

311 1522 566 1588 unamquamque
580 1503 653 1566 loco
665 1525 732 1582 su0,
744 1503 796 1567 fac
810 1502 977 1582 foramina,
992 1525 1048 1587 per
1062 1525 1133 1589 quae
1147 1503 1265 1588 configi
1277 1501 1409 1580 debent,

310 1602 455 1667 videlicet
469 1605 530 1668 sub
545 1604 716 1690 majoribus
731 1606 877 1691 gemmis,
893 1616 925 1670 et
938 1605 970 1668 in
985 1627 1083 1690 cupro
1098 1603 1277 1690 aqualiter3
1300 1603 1410 1690 sieque

310 1705 479 1770 deaurabis
494 1706 635 1770 tabulam
657 1717 690 1772 et
711 1707 811 1794 polies
833 1729 905 1771 earn
926 1708 958 1769 in
982 1705 1091 1793 primis
1106 1727 1179 1770 cum
1195 1706 1256 1768 filis
1270 1727 1310 1769 ex
1326 1708 1410 1769 anri-

311 1808 399 1872 calco
415 1809 496 1871 sicut
509 1831 613 1894 supra,
629 1809 742 1874 deinde
765 1832 837 1874 cum
861 1810 950 1874 ferris
965 1809 1158 1896 aequalibus;
1182 1808 1290 1894 sicque
1304 1809 1410 1873 color-

313 1907 382 1972 abis
398 1918 429 1970 et
443 1910 585 1994 configas
601 1911 668 1974 auri
691 1921 796 1996 partes
819 1933 1075 1998 unamquamque
1088 1912 1120 1974 in
1134 1932 1193 1974 suo
1208 1910 1288 1988 loco,
1304 1910 1410 1994 impo-

311 2031 430 2095 nesque
446 2031 590 2094 gemmas
605 2021 638 2076 et
652 2013 888 2100 circumligabis
904 2015 1101 2099 margaritas.

357 2110 480 2176 Eodem
497 2113 604 2190 modo,
627 2114 652 2178 si
676 2114 808 2180 facultas
824 2117 855 2180 in
878 2117 995 2181 censu*
1010 2115 1114 2194 fuerit,
1130 2126 1220 2200 potes
1235 2114 1268 2177 in
1283 2135 1362 2177 auro
1378 2123 1411 2177 et

312 2225 444 2300 argento
460 2214 561 2278 facere
573 2215 727 2303 imagines
740 2241 834 2303 super
849 2219 946 2282 libros
961 2217 1198 2303 evangeliorum
1212 2225 1244 2278 et
1256 2215 1410 2290 missales,

312 2325 344 2380 et
360 2315 476 2381 bestias
490 2325 585 2404 atque
608 2319 747 2384 aviculas
770 2341 808 2384 ac
830 2321 924 2384 flores
947 2341 1040 2404 super
1057 2319 1151 2382 sellas
1166 2328 1326 2403 equestres
1341 2337 1410 2378 ma·

312 2427 475 2482 tronarum
502 2421 648 2485 exterius.
696 2421 792 2486 Fiunt
816 2423 930 2486 eodem
956 2423 1063 2500 modo,
1093 2421 1126 2483 in
1152 2420 1281 2506 scyphis
1307 2419 1410 2482 surde

313 2519 379 2586 sive
399 2523 557 2608 argentias
573 2524 621 2586 vel
638 2525 787 2604 scutellis,
807 2525 839 2587 in
859 2525 974 2602 medi0,
991 2523 1112 2611 equites
1128 2530 1240 2587 contra
1255 2521 1410 2585 dracones

313 2623 378 2687 sive
393 2623 501 2688 leones
512 2626 562 2688 vel
577 2625 714 2712 gryphes
730 2635 918 2712 pugnantes,
934 2627 1040 2712 imago
1056 2625 1220 2688 Samsonis
1235 2625 1286 2688 vel
1303 2623 1410 2687 David

314 2747 370 2789 ora
381 2727 508 2790 leonum
520 2727 774 2813 confringentes3
793 2730 902 2793 leones
914 2750 1040 2816 quoque
1050 2728 1206 2813 simplices
1218 2736 1250 2790 et
1261 2726 1412 2812 gryphes,

314 2828 398 2892 idem
421 2829 517 2892 etiarn
543 2829 660 2916 singuli
684 2831 823 2917 singulas
847 2834 984 2918 pecudes
1010 2831 1212 2909 suffocantes,
1238 2831 1304 2893 sive
1327 2829 1411 2893 aliud

314 2931 398 3016 quod
422 2930 556 3008 libuerit,
579 2933 727 3019 quodque
750 2935 920 2998 secundum
944 2936 1046 3024 operis
1070 2935 1280 3022 quantitatem
1295 2933 1413 2996 decens

316 3033 364 3094 rel
380 3041 490 3118 aptum
507 3033 609 3098 fuerit.

605 3347 1104 3364 nnn—*m

591 3585 820 3683 CAPUT
878 3587 1124 3686 LXXIX.

512 3805 558 3848 DE
582 3805 768 3848 Pusouunn
793 3805 947 3856 sustuna
972 3807 1215 3852 pesonarum.

393 3954 510 4020 OLLE
533 3956 669 4042 smigrna
692 3965 723 4020 et
746 3979 827 4042 pone
850 3956 882 4019 in
905 3957 1005 4040 pelve,
1028 3957 1093 4021 sive
1115 3957 1177 4022 alio
1191 3981 1264 4024 vase
1280 3963 1417 4042 mundo,

413 4058 642 4144 superfundens
667 4057 694 4121 ei
718 4079 832 4144 aquam
856 4057 1007 4122 mundam
1032 4069 1126 4147 atque
1142 4061 1308 4146 diligenter
1322 4087 1418 4128 eom-

316 4163 414 4228 misce
429 4183 529 4248 nsque
545 4161 585 4224 sit
600 4161 735 4246 spissum
760 4169 795 4224 ut
818 4162 880 4240 fex,
896 4163 939 4225 ita
958 4174 994 4226 ut
1013 4163 1202 4250 ubicumque
1218 4189 1420 4252 superpona-

317 4276 367 4329 tur
382 4287 446 4328 uon
462 4264 562 4349 possit
576 4263 682 4327 fluere.
730 4263 854 4326 Deinde
877 4285 950 4327 curn
966 4266 1040 4328 setis
1064 4267 1149 4349 porci
1166 4267 1253 4330 linies
1269 4267 1355 4334 hanc
1372 4273 1423 4335 di-

417 4401 422 4430 ¹
442 4405 528 4448 lacerna
540 4409 577 4456 ert,
591 4402 613 4446 r'u
630 4402 685 4447 t'od.
700 4399 770 4446 Harl.
783 4401 807 4446 iu
821 4402 860 4446 lor
872 4403 934 4448 loeo:
953 4403 1099 4464 inplet-imur
1111 4419 1137 4448 cr
1150 4405 1205 4450 flul.
1220 4405 1319 4466 (turlpl.

414 4483 422 4510 ¹
437 4481 482 4530 frod
495 4485 510 4508 ¹¹
519 4483 608 4530 sensu.''
