3168 5140
304 497 367 560 tm
759 516 937 561 nonaum.

304 689 422 754 magno
445 668 694 748 laboretrititur,
713 668 887 747 etidcirco,
910 689 998 732 more
1013 667 1140 754 piperis,
1162 667 1327 732 terendum
1352 677 1405 730 est

304 771 337 834 in
363 771 523 850 mortario,
549 773 609 850 rel,
635 773 663 836 si
687 773 765 838 illud
792 793 856 838 non
883 771 993 849 habes,
1018 772 1218 834 involuntum
1242 771 1276 832 in
1301 770 1403 846 corio,

303 876 418 940 deinde
435 877 466 938 in
482 897 638 940 marmore
658 897 730 940 cum
746 898 831 962 aqua
848 876 931 938 sicut
951 873 1056 937 crateri
1075 874 1209 937 colores.
1255 871 1293 934 ln
1309 872 1403 956 eujus

303 987 553 1062 temperamento
574 978 682 1063 accipe
704 979 775 1042 duae
796 986 901 1064 partes
916 977 1025 1064 ipsius,
1048 987 1081 1039 et
1096 975 1221 1039 tertiam
1239 974 1279 1038 de
1294 974 1403 1036 vitello

305 1079 356 1142 ovi
371 1079 471 1158 crudi,
493 1086 526 1143 et
543 1080 678 1165 pulveris
698 1081 779 1144 ossis
796 1080 954 1145 combusti
975 1079 1057 1165 plus,
1079 1078 1206 1142 insimul
1226 1075 1404 1153 commixti,

304 1186 337 1242 ct
345 1181 438 1244 simul
448 1180 560 1260 misce;
573 1203 684 1245 omnes
694 1183 778 1246 enim
788 1183 910 1246 colores
921 1181 1081 1245 moluntur
1088 1201 1163 1243 cum
1171 1199 1336 1264 aqua,qua
1345 1199 1403 1242 cx-

304 1277 420 1344 haute
427 1291 460 1346 et
470 1282 635 1370 diligenter
650 1285 761 1369 ejecta,
770 1284 896 1368 ponitur
907 1283 940 1345 in
955 1283 1000 1346 eis
1014 1283 1127 1359 claren,
1142 1281 1297 1366 praeterin
1312 1281 1402 1343 viridi

304 1382 346 1446 de
368 1383 504 1450 Graecia.
549 1385 669 1450 Ocrum
692 1386 814 1450 moliter
831 1407 905 1450 cum
927 1405 1021 1470 aqua,
1036 1383 1090 1446 sed
1116 1405 1180 1446 non
1202 1393 1253 1446 est
1274 1403 1403 1446 necesse

306 1485 367 1550 nisi
391 1487 565 1573 pictoribus
590 1509 763 1564 murorum,
783 1499 815 1551 et
841 1489 872 1550 in
902 1508 997 1571 opere
1027 1487 1199 1549 litteramm
1224 1506 1402 1548 aurearum.

306 1586 474 1652 Safranum
494 1597 601 1674 potest
623 1590 840 1676 distemperari
863 1612 935 1654 cum
957 1589 1062 1652 clarea
1077 1589 1140 1666 ovi,
1164 1588 1213 1650 vel
1228 1609 1302 1650 cum
1317 1587 1402 1664 vino,

305 1697 337 1755 et
357 1691 395 1754 fit
419 1690 506 1756 rufus
530 1693 627 1771 color,
649 1691 694 1755 sic
717 1703 752 1755 ut
775 1692 892 1756 brisillo
916 1691 1038 1754 misceri
1061 1691 1169 1774 possit.
1214 1687 1348 1752 Colores
1369 1688 1402 1750 in

305 1813 499 1878 pergameno
528 1793 603 1856 clari
628 1802 660 1857 et
686 1792 778 1879 spissi
803 1793 835 1857 hi
860 1801 944 1872 sunt,
975 1793 1203 1857 Vermiculum.
1252 1791 1402 1876 Auripig-

306 1903 458 1972 mentum,
475 1892 585 1958 Viride
599 1917 749 1982 gruum,
764 1894 902 1981 Sanguis
924 1896 1092 1974 Draconis,
1114 1894 1301 1960 Gravetum.
1347 1893 1403 1956 ln-

306 1993 424 2073 dicum,
437 1994 634 2074 Carmiuum,
647 1995 779 2074 CrocuS,
797 1997 933 2078 Folium,
946 1997 1102 2075 Brunum,
1115 1996 1264 2074 Minium,
1274 1996 1403 2068 Album,

308 2095 455 2180 Nigrum,
479 2096 633 2183 optimum
649 2120 687 2162 ex
704 2101 895 2165 carbonibus
918 2099 990 2163 vitis
1013 2122 1085 2164 cum
1100 2122 1162 2164 ovo
1184 2100 1266 2163 sicut
1280 2097 1334 2162 alii
1347 2119 1404 2160 co-

307 2199 401 2263 lores.

633 2763 679 2806 ns
702 2761 859 2806 nrxrnas
880 2762 1054 2808 oonoanu.
1077 2745 1086 2778 ¹

396 2925 581 2991 ZURIUM
613 2929 732 2993 incides
754 2929 794 2993 de
817 2929 918 3015 nigro,
948 2928 1133 3015 maptizabis
1163 2927 1405 3013 auripigmento.

418 3028 500 3094 Item
523 3030 715 3095 misoscum
738 3030 811 3095 albo
834 3032 976 3117 plumbo,
1002 3030 1122 3095 incides
1145 3029 1185 3092 de
1207 3051 1292 3107 azur,
1315 3051 1407 3115 map-

308 3129 419 3196 tizabis
435 3130 475 3194 de
491 3131 564 3195 albo
580 3131 719 3218 plumbo.
764 3131 979 3197 Vermiculum
994 3133 1115 3196 incides
1130 3131 1171 3194 dc
1187 3131 1299 3208 bruno,
1314 3152 1407 3216 map-

308 3233 371 3297 tiza
386 3233 628 3320 auripigmento.
658 3233 740 3299 Item
756 3235 854 3298 misce
866 3235 1069 3298 vermiculum
1085 3255 1158 3297 cum
1173 3233 1247 3296 albo
1264 3233 1406 3317 plumb0,

309 3347 341 3400 et
357 3337 406 3401 fac
422 3339 559 3402 colorem
575 3339 661 3424 quod
680 3338 794 3402 dicitur
813 3359 894 3416 rosa,
916 3337 1036 3400 incides
1051 3337 1091 3398 de
1112 3333 1291 3410 vermiculo,
1315 3355 1407 3420 mep-

308 3437 370 3501 tiza
385 3438 425 3502 de
440 3440 514 3503 albo
536 3440 677 3526 plumbo.
722 3440 997 3526 Auripigmentum
1020 3437 1141 3500 incides
1164 3435 1204 3498 de
1224 3435 1407 3514 vermiculo,

308 3548 340 3601 et
360 3538 405 3602 illi
428 3541 676 3626 maptizabatura
704 3551 848 3618 nonest,
884 3541 970 3627 quod
993 3541 1140 3624 deturpat
1167 3537 1245 3600 alios
1273 3537 1407 3600 colores.

308 3637 429 3702 'lamen
445 3641 471 3703 si
486 3641 534 3705 vis
549 3641 653 3707 facere
670 3645 789 3707 clamm
809 3643 926 3722 videre,
939 3641 1204 3728 auripigmentum
1220 3637 1318 3702 misce
1333 3661 1409 3702 cum

307 3739 425 3819 indico,
443 3741 547 3805 incide
562 3742 602 3806 de
617 3745 718 3830 nigro,
741 3745 878 3831 maptiza
897 3744 1138 3831 auripigmento.
1184 3739 1321 3825 Sanguis
1336 3741 1410 3805 dra·

308 3841 397 3907 conis
417 3841 539 3906 incides
561 3843 664 3931 nigro,
687 3847 824 3934 maptiza
839 3847 912 3912 albo
933 3846 1073 3933 plumbo.
1120 3845 1202 3908 Item
1222 3843 1318 3906 misce
1333 3864 1410 3906 san-

308 3946 379 4032 guis
394 3945 540 4011 draconis
555 3969 629 4011 cnm
644 3949 888 4035 auripigmento,
904 3949 1023 4013 incides
1039 3949 1079 4012 de
1094 3946 1197 4034 nigro,
1215 3946 1352 4030 maptIza
1368 3947 1412 4009 de

308 4047 381 4111 albo
404 4048 544 4134 plumbo.
598 4048 708 4114 Viride
735 4051 855 4115 incides
877 4053 917 4115 de
939 4051 1041 4136 nigr0,
1070 4049 1207 4135 meptiza
1228 4047 1268 4110 de
1291 4045 1410 4130 apulia.

309 4148 391 4214 Item
415 4151 512 4214 misce
535 4151 633 4215 viride
662 4174 734 4214 cum
757 4153 841 4232 albo,
864 4153 984 4216 incides
1004 4154 1046 4216 de
1060 4151 1152 4214 viridi
1174 4149 1311 4235 maptiza
1335 4149 1412 4212 albo

306 4251 447 4336 plumbo.
496 4253 576 4316 Item
592 4254 689 4316 misce
709 4265 873 4336 gravatum
890 4277 962 4318 cum
978 4255 1052 4319 albo
1069 4254 1210 4340 plumbo,
1233 4251 1353 4314 incides
1369 4249 1412 4312 de

716 4456 722 4486 ¹
739 4457 770 4506 ab
782 4457 872 4507 Eraclia
883 4467 998 4522 excerpto.
