3140 5152
654 567 843 610 rusorum
868 567 970 609 Llltllli
995 566 1046 608 lll.

653 1044 886 1142 CAPUT
946 1043 1049 1138 LX.

627 1317 674 1360 DE
696 1315 902 1360 utrumnum
926 1313 1077 1358 Ducum.

305 1520 380 1674 Sl
398 1541 471 1585 vero
487 1517 645 1583 thuribula
660 1516 769 1580 ductili
785 1537 879 1601 opere
898 1537 1089 1601 componere
1104 1515 1239 1580 volueris
1260 1515 1292 1578 in
1312 1539 1406 1596 auro,

386 1623 435 1686 vcl
460 1629 602 1708 argento,
624 1619 691 1683 sive
714 1641 823 1705 cupro,
844 1620 980 1704 primum
1002 1619 1183 1705 purificabis
1205 1620 1313 1683 ordine
1336 1643 1406 1706 quo

305 1747 409 1812 supra,
425 1735 520 1811 atque
535 1723 649 1788 fundes
664 1722 697 1784 in
713 1721 837 1786 fusoriis
853 1721 943 1785 ferris
956 1721 1037 1784 duas
1050 1741 1177 1785 marcas
1192 1721 1320 1786 veltres
1335 1723 1406 1785 sive

305 1835 450 1914 quatuor,
466 1825 641 1890 secundum
659 1823 868 1909 quantitatem
887 1822 1046 1910 quamvis
1069 1823 1185 1887 habere
1208 1825 1405 1909 superiorem

305 1939 428 2014 partem
450 1925 610 1989 thuribuli.
658 1925 783 1990 Deinde
806 1924 985 1989 attenuabis
1011 1924 1044 1988 in
1071 1925 1206 1988 rotulam
1229 1947 1268 1988 eo
1291 1925 1406 1990 ordine

304 2051 368 2116 quo
384 2027 527 2112 superius
547 2027 677 2090 calicem
700 2035 884 2112 argenteum
909 2027 1072 2112 majorem,
1088 2035 1223 2110 excepto
1238 2027 1324 2112 quod
1340 2027 1405 2092 hoc

305 2153 386 2216 opus
412 2129 542 2216 spissius
567 2137 598 2192 et
619 2126 805 2213 profundius
828 2128 1009 2192 ducendum
1031 2138 1080 2193 est
1100 2129 1241 2208 interius,
1256 2138 1293 2192 ut
1310 2129 1405 2194 altius

305 2232 346 2296 sit
373 2231 521 2306 exterius,
547 2230 591 2294 ita
617 2239 652 2292 ut
677 2229 811 2294 altitudo
836 2230 870 2292 in
897 2251 931 2293 se
956 2229 1054 2315 ipsius
1078 2230 1278 2293 latitudinem
1302 2240 1405 2295 totam

305 2335 421 2399 habeat
431 2347 464 2398 et
475 2334 543 2420 ejus
554 2332 767 2397 medietatem.
802 2331 902 2417 Cujus
914 2330 1110 2395 altitudinem
1123 2353 1196 2394 cum
1208 2331 1405 2414 produxeris,

306 2438 488 2523 priusquam
503 2435 703 2500 latitudinem
714 2434 925 2519 constringas,
937 2431 1083 2518 pertrahe
1097 2431 1129 2493 in
1142 2453 1180 2495 eo
1192 2441 1304 2510 turres,
1316 2431 1404 2495 vide·

306 2539 379 2604 licet
400 2539 433 2602 in
456 2559 603 2623 supremo
626 2557 724 2600 unam
745 2536 1014 2622 octoangulatam,
1031 2537 1064 2598 in
1079 2555 1143 2622 qua
1160 2536 1240 2598 fiant
1260 2535 1405 2621 ejusdem

305 2640 427 2705 numeri
453 2640 607 2719 fenestrae,
634 2639 693 2704 sub
720 2659 785 2726 qua
814 2639 894 2702 fiant
923 2647 1060 2724 quatuor
1089 2636 1261 2723 quadratae,
1288 2637 1406 2725 quibus

306 2741 440 2828 singulis
454 2741 659 2828 imponantur
675 2751 738 2804 tres
753 2741 942 2826 columpnas,
958 2749 991 2804 et
1004 2740 1085 2804 inter
1102 2761 1156 2803 eas
1172 2740 1243 2804 duat
1258 2740 1406 2805 fenestrae

305 2843 478 2928 productae,
504 2845 536 2906 in
562 2864 696 2929 quarum
727 2843 832 2906 medio
860 2865 955 2928 super
978 2843 1115 2906 mediam
1142 2843 1322 2919 columnam
1348 2845 1407 2909 fiat

306 2945 471 3009 fenestella
486 2944 641 3024 rotunda;
666 2943 725 3006 sub
741 2945 856 3030 quibus
879 2945 910 3007 in
934 2945 1026 3008 tertio
1048 2944 1119 3008 loco
1139 2943 1314 3008 formentur
1335 2946 1406 3009 aliae

306 3057 407 3109 turres
438 3054 536 3124 oct03
571 3057 707 3131 quatuor
736 3046 881 3110 videlicet
913 3046 1057 3110 rotundae
1089 3053 1199 3110 contra
1229 3046 1406 3131 superiores

308 3148 455 3236 quadras,
471 3147 504 3210 in
519 3147 635 3234 quibus
650 3149 729 3211 liant
743 3147 867 3212 flosculi
883 3156 937 3210 aut
954 3147 1085 3211 aviculae
1100 3147 1149 3210 vel
1170 3147 1322 3227 bestiolae,
1338 3149 1407 3212 sive

308 3250 488 3330 fenestellae,
504 3259 536 3313 et
558 3249 638 3314 inter
658 3271 712 3314 eas
732 3259 870 3336 quatuor
883 3249 1025 3336 quadrae‚
1040 3271 1110 3335 quae
1131 3259 1163 3314 et
1182 3249 1310 3312 latiores
1330 3249 1407 3328 sint,

308 3353 340 3416 in
355 3352 470 3439 quibus
486 3353 566 3416 fiant
580 3351 719 3416 dimidiae
734 3351 889 3438 imagines
903 3353 1101 3436 angelomm‚
1117 3352 1209 3438 quasi
1223 3351 1256 3414 in
1271 3353 1316 3416 eis
1331 3374 1407 3415 cum

308 3455 366 3518 alis
389 3454 454 3518 suis
481 3454 668 3518 sedentium.
715 3452 783 3518 Sub
809 3453 925 3539 quibus
950 3453 983 3516 in
1009 3452 1078 3537 ipsa
1104 3452 1297 3516 rotunditate
1320 3455 1407 3518 vasis

308 3557 387 3620 fiant
408 3565 543 3642 quatuor
565 3575 658 3618 arcus
681 3556 713 3618 in
735 3577 883 3640 supremo
906 3555 1030 3618 modice
1055 3554 1211 3639 producti,
1234 3555 1267 3617 in
1290 3555 1408 3641 quibus

308 3659 388 3720 liant
402 3657 602 3742 evangelista
620 3657 685 3722 sive
709 3658 740 3720 in
763 3657 868 3742 specie
890 3657 1087 3743 angelorum,
1103 3677 1159 3721 seu
1173 3657 1207 3718 in
1222 3659 1324 3742 figura
1340 3659 1409 3720 ani-

309 3757 455 3837 malium;
486 3757 568 3822 iuter
597 3781 679 3845 quos
708 3779 800 3822 arcus
830 3779 923 3843 super
953 3759 1054 3844 ipsam
1085 3779 1173 3822 oram
1205 3759 1408 3823 rotunditatis

308 3867 467 3946 ponantur
491 3870 626 3946 quatuor
651 3861 757 3946 capita
782 3861 908 3924 leonum
935 3861 1002 3924 sive
1026 3860 1190 3924 hominum
1216 3860 1328 3940 fusilia,
1351 3883 1409 3946 per

309 3985 380 4050 quae
396 3971 516 4027 cateuae
532 3973 705 4028 transeant.
746 3963 806 4028 His
820 3963 865 4027 ita
880 3964 1055 4049 pertractis,
1067 3985 1140 4026 cum
1152 3961 1240 4026 ferris
1255 3963 1408 4026 ductoriis

309 4073 342 4129 et
368 4064 498 4142 malleis,
521 4064 651 4128 interius
675 4075 707 4127 et
732 4064 869 4129 exterius
896 4065 1120 4150 percutiantur,
1147 4065 1249 4129 donec
1276 4065 1407 4130 omnino

309 4166 495 4245 formentur,
522 4165 631 4251 sicque
661 4166 808 4229 limentur
836 4174 868 4230 et
897 4167 1056 4245 radantur,
1084 4167 1236 4254 farrisque
1264 4167 1407 4230 fossoriis

310 4269 478 4332 fodiantur.
525 4266 604 4330 Haec
631 4277 679 4332 est
705 4268 845 4354 superior
866 4290 941 4353 pars
963 4269 1098 4332 turibuli.
1147 4269 1272 4333 Deinde
1294 4291 1407 4354 percu-

309 4371 406 4436 tiatur
427 4369 650 4442 infcrior„crrm
673 4391 731 4432 suo
754 4369 845 4453 pede,
861 4371 893 4432 in
909 4393 972 4457 quo
988 4371 1067 4435 fiant
1082 4381 1218 4456 quatuor
1233 4391 1335 4448 arcus,
1351 4369 1407 4455 qui

311 4472 523 4572 respondeant
545 4469 767 4555 superioribus,
782 4472 814 4532 in
836 4471 950 4557 quibus
973 4473 1104 4536 sedeant
1119 4483 1255 4558 quatuor
1276 4473 1410 4536 flumina
