3236 5144
281 445 345 508 252
635 471 826 516 rnsosnrsr
851 473 955 517 marra
976 473 1030 516 111.

281 617 349 701 ejus
372 618 447 682 lima
461 627 494 682 et
509 621 584 684 rade
608 623 776 688 rotundam
791 633 822 688 et
838 625 1035 712 aliquantum
1057 633 1197 703 tenuem,
1212 645 1309 710 quam
1326 623 1381 686 fri-

280 716 369 782 cabis
395 721 466 784 rivo
482 733 614 809 argento
638 724 741 790 donec
765 727 919 805 albebat,
935 736 970 791 ut
995 725 1068 790 inde
1089 726 1194 811 possis
1216 725 1379 789 deaurare.

282 818 402 986 Postpa
417 820 514 886 facies
530 826 762 892 confectionem
777 829 820 893 ad
834 829 1043 893 invivandum
1065 850 1145 914 epus
1160 825 1379 892 deaurandum

280 944 342 1008 que
380 945 419 988 oc
433 924 541 990 modo,

534 1534 762 1632 CAPUT
822 1534 1134 1631 XXXVIII.

430 1785 475 1828 DE
498 1785 701 1829 INVIVANDIS
725 1787 767 1830 st·
790 1785 1014 1830 nanuannms
1037 1786 1231 1831 cumcuma.

282 1957 446 2112 SUME
462 1957 526 2020 vini
540 1956 688 2042 lapidem,
698 1958 739 2022 de
750 1981 814 2045 quo
826 1957 1081 2044 supradiximus,
1091 1969 1123 2024 et
1132 1968 1197 2024 tere
1210 1960 1376 2047 diligenter

362 2081 456 2144 super
470 2059 607 2144 lapidem
619 2059 748 2138 siccum,
760 2060 922 2147 addasque
934 2061 963 2124 ei
979 2063 1102 2126 tertiam
1119 2071 1241 2147 partem
1250 2063 1335 2142 salis,
1343 2074 1377 2128 et

280 2161 370 2226 mitte
381 2162 413 2224 in
429 2169 544 2225 testam
557 2162 628 2226 ollae
639 2184 801 2248 capacem,
812 2163 1055 2251 infundensque
1066 2165 1222 2250 eiaquam
1234 2165 1330 2242 illam,
1342 2165 1375 2228 in

280 2286 376 2350 quam
388 2263 547 2349 projecisti
557 2287 667 2328 aurum
679 2265 802 2329 noviter
814 2267 970 2347 molitum,
986 2281 1081 2354 atque
1093 2267 1260 2353 imponens
1272 2267 1375 2332 modi-

280 2389 352 2432 cum
359 2367 421 2430 vivi
431 2368 563 2454 argenti,
571 2367 659 2432 mitte
668 2368 921 2454 supercarbones
931 2369 1033 2433 donec
1043 2369 1183 2434 calidum
1193 2370 1258 2450 fiat,
1265 2379 1375 2434 etcum

279 2471 367 2557 ligno
378 2491 555 2536 commove.
600 2470 730 2536 Habeas
746 2471 841 2536 etiam
854 2481 937 2536 setas
954 2470 1040 2558 porci
1056 2471 1267 2556 grossitudine
1279 2473 1374 2535 trium

279 2571 451 2658 digitorum
466 2582 522 2636 aut
535 2581 682 2658 quatuor,
698 2573 780 2637 ferro
802 2573 967 2660 colligatas
981 2573 1014 2637 in
1037 2574 1153 2653 medio,
1168 2575 1248 2638 duas
1270 2583 1376 2660 partes

280 2674 426 2752 mundas,
442 2696 515 2739 cum
530 2674 644 2761 quibus
659 2674 780 2740 lavabis
795 2698 907 2739 aurum
921 2685 954 2740 et
968 2683 1145 2762 argentum,
1160 2684 1193 2740 et
1206 2677 1286 2740 duas
1301 2697 1374 2740 cum

279 2777 393 2863 quibus
415 2776 592 2856 deaurabis,
608 2799 705 2841 unam
727 2777 844 2842 siccam
860 2779 990 2842 alteram
1012 2777 1186 2842 humidam.
1230 2777 1291 2842 llis
1306 2801 1375 2842 om-

280 2879 373 2943 nibus
399 2879 460 2942 hoc
484 2879 593 2943 ordine
616 2881 811 2966 compositis,
834 2881 942 2966 accipe
966 2879 1121 2943 auriculas
1144 2889 1311 2966 argenteas
1333 2881 1374 2945 ad

280 3002 404 3059 manus,
421 2991 452 3043 et
476 2982 678 3065 panniculum
703 2982 819 3045 lineum
844 2984 1068 3070 complicatum
1084 2983 1171 3068 tinge
1192 2983 1224 3045 in
1248 2984 1374 3049 confec-

279 3082 399 3146 tionem
422 3083 568 3162 calidam,
584 3106 656 3147 cum
679 3107 743 3171 quo
760 3085 885 3150 fricabis
905 3085 1012 3150 omnia
1033 3086 1114 3165 loca,
1130 3108 1201 3173 quae
1222 3087 1373 3152 deaurare

279 3185 415 3250 volueris
431 3185 462 3250 in
478 3185 532 3250 eis.
578 3185 725 3275 Cumque
747 3188 886 3252 invivare
908 3187 1054 3268 volueris,
1070 3188 1189 3252 calefac
1211 3209 1266 3252 eas
1281 3211 1374 3276 super

279 3289 432 3354 carbones
447 3299 566 3354 etcum
582 3291 657 3354 setis
673 3291 740 3378 ipsa
762 3289 959 3355 confectione
975 3289 1112 3354 humidis
1128 3289 1204 3353 frica
1225 3289 1294 3354 illas
1309 3290 1372 3354 for-

279 3394 360 3473 titer,
375 3394 477 3457 donec
493 3415 605 3457 omnes
620 3393 754 3458 fossurae
774 3393 846 3457 vivo
862 3401 995 3479 argento
1010 3393 1089 3455 fiant
1110 3391 1201 3471 albae,
1216 3391 1372 3455 interdum

278 3495 493 3560 calefaciendo
504 3505 536 3560 et
545 3497 701 3560 interdum
714 3495 865 3574 fricando,
878 3494 971 3559 etubi
981 3516 1053 3558 cum
1069 3495 1144 3559 setis
1154 3515 1217 3557 non
1232 3494 1374 3579 potueris

278 3597 466 3682 pertingere,
491 3619 563 3660 cum
588 3619 686 3683 cupro
710 3597 910 3661 deauratorio
937 3607 970 3661 et
995 3597 1082 3684 ligno
1104 3595 1213 3682 gracili
1236 3596 1372 3675 fricabis,

278 3698 396 3762 faciens
411 3698 472 3762 hoc
488 3721 581 3784 super
595 3698 770 3762 scultellam
787 3699 1018 3764 deauratoriam
1033 3698 1182 3784 ligneam,
1192 3719 1264 3784 quae
1279 3699 1320 3763 sit
1330 3698 1371 3762 ad

278 3801 436 3865 modicum
460 3822 540 3886 opus
563 3800 729 3880 tornatilis,
744 3823 857 3888 capax,
872 3810 905 3865 et
925 3800 967 3864 ad
978 3821 1129 3887 magnum
1145 3797 1277 3886 quadra,
1293 3822 1371 3864 cava

277 3915 309 3970 et
323 3902 462 3992 aqualis.
510 3903 635 3968 Deinde
658 3927 751 3991 super
767 3905 867 3992 ipsam
884 3902 1057 3968 scultellam
1079 3901 1183 3966 incide
1204 3902 1372 3966 deauratu-

277 4033 345 4074 ram
361 4006 539 4071 minutatim
555 4027 628 4069 cum
653 4006 789 4086 cultello,
805 4017 926 4070 etcum
950 4026 1048 4091 cupro
1063 4003 1262 4068 deauratorio
1288 4025 1372 4090 pone

276 4112 442 4199 diligenter
465 4109 653 4196 peremnia,
670 4117 702 4172 et
726 4107 863 4172 humidis
879 4107 955 4172 setis
979 4127 1080 4192 sequa,
1096 4117 1192 4192 atque
1216 4128 1288 4170 cum
1306 4106 1370 4168 for-

276 4215 345 4302 cipe
361 4217 458 4300 longo
473 4222 506 4277 et
529 4211 638 4298 gracili
654 4211 686 4274 in
711 4210 858 4275 anteriori
879 4219 968 4296 parte
984 4209 1108 4273 duobus
1131 4209 1307 4294 panniculis
1321 4209 1370 4270 in-

277 4319 384 4385 voluto
399 4317 527 4398 levabis,
544 4325 576 4381 et
590 4337 689 4402 pones
705 4337 799 4400 super
814 4314 968 4378 carbones
983 4311 1084 4376 donec
1098 4313 1234 4393 calefiat,
1250 4321 1282 4376 et
1296 4311 1370 4376 setis
