3140 5152
634 472 824 516 Tunornlnt
851 473 954 516 uisse
979 473 1032 516 ΙΝ.

650 1115 879 1214 CAPUT
936 1119 1039 1212 XO.

754 1349 799 1392 DE
822 1349 944 1392 FERRO.

378 1515 545 1582 ERRUM
565 1517 703 1581 nascitur
725 1517 757 1580 iu
780 1527 861 1580 terre
877 1519 908 1580 iu
924 1517 1054 1582 modum
1070 1517 1220 1602 lepidum,
1235 1517 1335 1604 quod,
1352 1517 1399 1582 ef-

398 1620 517 1684 lossum
536 1620 649 1682 eodem
671 1619 767 1682 modo
789 1641 853 1704 quo
876 1641 1005 1703 cuprum
1030 1619 1172 1703 superius
1195 1619 1351 1703 frangitur
1366 1629 1400 1682 et

300 1724 331 1786 in
357 1744 479 1786 massas
503 1721 718 1799 confunditur,
734 1720 848 1784 deinde
870 1721 902 1782 in
918 1721 1045 1784 fornace
1060 1721 1177 1784 ferrarii
1201 1720 1349 1806 liquatur,
1366 1731 1399 1784 et

302 1825 474 1910 percutitur
495 1833 531 1888 ut
552 1834 662 1910 nptum
686 1825 743 1886 fiat
764 1823 932 1908 unicuique
954 1823 1052 1908 operi.
1105 1821 1215 1886 Colibs
1242 1823 1358 1886 dicitur
1378 1845 1398 1886 a

302 1937 409 1989 monte
425 1925 547 2002 Celibe,
571 1925 602 1987 in
618 1947 683 2010 quo
698 1927 766 2010 ejus
781 1947 857 1988 usus
872 1926 1023 2010 plurimus
1038 1925 1210 2002 invenitur3
1233 1924 1285 2010 qui
1302 1923 1398 1986 simili

301 2027 397 2090 modo
420 2035 603 2112 preparatur
617 2036 653 2091 ut
667 2028 752 2113 operi
775 2037 868 2112 aptus
884 2027 948 2090 fiat
994 2025 1076 2090 Cum
1092 2048 1169 2112 ergo
1184 2028 1299 2090 sermm
1315 2049 1397 2112 prae-

301 2127 460 2212 pnraveris
491 2136 523 2190 et
552 2129 624 2191 inde
654 2109 799 2208 calcalia,
834 2129 899 2192 sive
929 2137 1042 2193 caetera
1070 2129 1225 2215 equestria
1250 2129 1397 2193 utensilia

301 2229 422 2308 leceris,
447 2238 479 2292 et
500 2252 538 2293 ea
561 2251 638 2293 euro
665 2231 712 2292 vel
738 2241 873 2314 argento
894 2231 1043 2295 decorare
1064 2231 1212 2308 volueris,
1234 2253 1323 2295 sume
1345 2252 1396 2294 er·

302 2341 432 2418 gentum
454 2333 667 2418 purissimum,
690 2345 723 2396 et
744 2333 947 2418 percutiendo
968 2332 1061 2398 valde
1083 2341 1221 2396 attenua.
1267 2331 1395 2395 Deinde

301 2435 421 2499 habeas
438 2435 573 2499 rotulam
588 2437 726 2520 ligneam
741 2437 782 2499 de
795 2457 926 2523 quercu,
939 2435 1137 2522 longitudine
1148 2435 1237 2520 pedis
1251 2434 1347 2497 latam
1363 2445 1396 2498 et

302 2547 472 2617 tornatum,
487 2561 558 2625 quae
581 2539 675 2603 sitin
700 2539 829 2602 circuitu
851 2537 954 2602 tenuis
976 2537 1062 2601 etin
1079 2536 1185 2600 medio
1207 2559 1246 2601 ex
1261 2545 1395 2622 utruque

303 2651 391 2726 parte
406 2642 552 2728 spissum,
567 2641 621 2705 ubi
637 2641 665 2705 ei
680 2640 767 2704 eliud
783 2641 904 2727 liguum
920 2661 1049 2704 curvum
1064 2640 1270 2726 transfigutur
1283 2639 1315 2702 in
1329 2661 1395 2726 quo

301 2745 404 2832 possit
418 2745 511 2822 volvi,
527 2745 577 2808 cui
593 2745 688 2808 etiem
705 2745 735 2807 in
753 2764 817 2808 una
831 2743 1013 2808 summitate
1027 2743 1113 2808 aliud
1128 2743 1249 2830 lignum
1263 2765 1394 2807 curvum

301 2857 481 2934 apponetur
507 2869 580 2911 cum
606 2869 670 2933 quo
700 2847 949 2910 circumrotetur.
993 2844 1140 2932 Cumque
1164 2845 1267 2932 ipsam
1292 2855 1393 2910 rotem

302 2949 458 3034 aptaveris
482 2949 563 3013 inter
588 2950 668 3012 duas
693 2949 930 3033 columpnellas,
957 2951 1007 3012 fec
1032 2949 1116 3012 circa
1138 2969 1227 3012 oram
1248 2947 1315 3034 ejus
1337 2968 1394 3010 ex-

300 3050 397 3114 terius
418 3049 572 3114 incisuras
595 3051 626 3114 in
652 3052 782 3114 modum
809 3051 937 3136 gindus,
960 3073 1031 3137 quae
1053 3055 1135 3116 retro
1157 3049 1337 3136 respiciunt,
1359 3059 1395 3113 ut

301 3153 378 3240 ipsae
407 3153 627 3239 columpnellae
663 3153 695 3216 in
729 3153 844 3240 quibus
881 3161 951 3216 rota
980 3153 1129 3240 vergitur,
1166 3153 1296 3218 firmiter
1331 3152 1395 3216 sint

301 3255 372 3318 fixae
402 3277 496 3342 super
525 3277 691 3320 scamnum
718 3257 751 3319 iu
777 3255 953 3334 latitudine,
984 3257 1028 3319 ite
1057 3265 1093 3319 ut
1118 3277 1247 3318 curvum
1273 3255 1393 3341 lignum

301 3361 343 3422 nd
367 3359 529 3422 dexteram
555 3379 667 3422 manus
694 3357 743 3422 sit.
790 3356 860 3422 Stet
884 3380 1010 3445 quoque
1036 3356 1140 3420 adhuc
1165 3378 1229 3420 una
1252 3357 1393 3441 colump-

301 3461 384 3525 nelle
408 3459 449 3524 ed
477 3459 634 3524 sinistram
661 3480 791 3524 uranum
817 3460 850 3524 in
875 3459 1023 3524 anteriori
1049 3467 1137 3545 perte
1162 3460 1256 3545 juxte
1282 3467 1393 3537 rotam,

301 3563 333 3623 in
358 3583 421 3646 que
447 3562 488 3624 sit
510 3563 610 3626 lixum
636 3563 753 3646 gracile
776 3562 908 3648 lignum,
930 3561 973 3625 itu
999 3570 1035 3624 ut
1055 3583 1148 3648 super
1170 3571 1269 3624 rotam
1288 3561 1396 3645 jaceat

301 3668 332 3723 et
356 3659 475 3725 habeat
500 3661 531 3722 iu
558 3663 737 3726 summitate
764 3685 821 3726 sua
846 3663 1029 3748 particulam
1055 3664 1175 3744 celibis,
1200 3663 1395 3749 longitudine

301 3773 332 3826 et
359 3762 522 3826 latitudine
549 3765 676 3850 majoris
700 3765 824 3852 unguis,
848 3765 979 3830 firmiter
1006 3789 1060 3852 per
1086 3767 1227 3831 foramen
1253 3767 1395 3846 infixam,

301 3877 333 3928 et
359 3865 451 3930 valde
485 3876 623 3945 acutam,
654 3867 696 3930 ito
744 3877 778 3932 ut
807 3891 879 3932 curn
910 3879 977 3934 rote
1006 3870 1138 3934 volvitur
1168 3871 1244 3934 illud
1274 3871 1395 3954 lignum

302 3989 426 4054 semper
441 3967 535 4032 cadat
550 3969 591 4032 ab
614 3992 676 4034 uuo
695 3971 795 4056 gradu
817 3971 849 4034 in
872 3972 1014 4052 alterum,
1031 3980 1066 4035 ut
1080 3972 1124 4036 sic
1141 3973 1281 4036 vibratus
1297 3971 1397 4034 calibs

301 4070 450 4155 quicquid
488 4070 657 4157 adponitur
692 4073 819 4137 incidat.
872 4071 955 4138 Cum
988 4078 1061 4140 vero
1098 4073 1256 4138 limaveris
1292 4075 1398 4138 calcar

301 4193 398 4235 unum
414 4173 584 4258 equaliter,
600 4195 683 4258 pone
705 4173 780 4238 illud
796 4196 889 4260 super
904 4176 1059 4240 carbones
1073 4175 1220 4240 ardentes
1234 4176 1399 4240 donec-ni·

302 4284 436 4360 grescat,
460 4276 739 4361 refrigeratumque
761 4285 833 4340 tene
859 4279 956 4342 mand
979 4277 1106 4342 sinistris
1128 4287 1160 4342 et
1181 4288 1282 4342 rotam
1304 4280 1398 4342 volve

301 4377 423 4454 dextri,
446 4377 691 4464 appositumque
713 4377 817 4456 celibi,
841 4379 943 4443 incide
964 4380 1119 4445 subtiliter
1140 4404 1194 4468 per
1215 4381 1321 4445 omnia
1342 4403 1398 4445 ex-
