3236 5144
632 425 821 472 rusorum
846 425 947 470 unsa
968 425 1019 469 111.

554 853 784 951 CAPUT
834 851 1098 950 XXXIII.

641 1075 687 1118 DE
709 1071 894 1124 GOQUENDO
916 1071 1020 1116 AURO.

394 1225 478 1290 LLE
502 1247 613 1290 aurum
633 1225 852 1313 qualecunque
875 1223 926 1300 sit,
941 1231 974 1286 et
993 1229 1120 1308 percute
1141 1220 1242 1283 donec
1264 1227 1378 1282 tenues

374 1329 499 1394 lamium
520 1329 608 1408 fiant,
630 1327 793 1392 latitudine
817 1326 910 1390 trium
932 1325 1102 1411 digitorum
1126 1331 1159 1387 et
1180 1321 1377 1407 longitudine

283 1442 438 1517 quantum
465 1432 577 1518 possis.
625 1429 750 1494 Deinde
777 1427 881 1492 incide
906 1435 1010 1513 partes
1036 1436 1072 1491 ut
1099 1447 1188 1512 mque
1210 1426 1313 1510 longae
1343 1431 1378 1487 et

283 1535 355 1599 latae
377 1535 451 1614 sint,
474 1545 506 1599 et
529 1537 688 1621 conjunge
710 1555 765 1596 eas
787 1532 904 1618 pariter
926 1541 1020 1619 atque
1043 1529 1168 1617 perfora
1190 1553 1246 1616 per
1267 1530 1376 1594 omnia

283 1657 356 1700 cum
370 1637 488 1702 rasorio
504 1637 586 1701 ferro
602 1635 697 1700 tenui
744 1634 863 1700 Postea
878 1635 986 1722 accipe
1001 1635 1080 1698 duas
1095 1643 1193 1698 testas
1217 1635 1286 1698 ollae
1300 1635 1376 1719 igne

283 1738 433 1822 probatas
448 1748 545 1804 tantae
562 1737 787 1824 magnitudinis
801 1745 837 1801 ut
852 1758 963 1801 aurum
983 1737 1015 1800 in
1031 1731 1076 1800 eis
1091 1737 1192 1828 pessit
1209 1738 1327 1822 jacere,
1343 1747 1376 1801 et

284 1837 393 1924 frange
418 1841 556 1926 tegulam
581 1841 771 1918 minutatim,
795 1840 860 1904 sive
884 1839 1027 1926 argillam
1054 1839 1191 1905 fornacis
1213 1863 1317 1905 arsam
1343 1851 1378 1903 et

282 1938 502 2020 rubicundam,
530 1941 760 2006 comminutam
791 1941 932 2029 pondera
960 1942 994 2006 iu
1022 1942 1103 2006 duas
1132 1953 1239 2030 partes
1268 1967 1376 2031 aequa-

283 2039 340 2118 les,
370 2051 402 2104 et
431 2043 513 2108 adde
538 2044 565 2107 ei
590 2045 714 2108 tertiam
740 2056 862 2132 partem
892 2047 966 2110 salis
990 2045 1103 2111 eodem
1130 2048 1279 2134 pondere,
1303 2071 1376 2134 quae

285 2147 408 2213 modice
431 2169 560 2235 aspersa
583 2172 656 2213 cum
680 2149 771 2214 urina
794 2151 1036 2216 commisceatur
1059 2149 1112 2229 ita,
1129 2159 1164 2214 ut
1188 2173 1250 2214 non
1269 2151 1376 2240 adhae-

285 2260 374 2316 reant
395 2253 466 2332 sibi,
486 2252 542 2316 sed
565 2253 617 2316 vix
641 2253 770 2317 madida
792 2253 864 2329 sint,
888 2261 920 2316 et
943 2252 1032 2316 mitte
1051 2252 1125 2316 inde
1148 2275 1259 2338 parum
1282 2275 1378 2339 super

285 2377 379 2420 unam
397 2363 512 2420 testam
524 2356 620 2441 juxta
634 2355 834 2418 latitudinem
851 2355 929 2433 auri,
945 2355 1060 2418 deinde
1078 2354 1175 2440 ipsius
1196 2355 1263 2418 auri
1278 2377 1376 2420 unam

285 2469 417 2546 partem,
448 2480 633 2546 rursumque
662 2458 904 2536 confectionem,
935 2467 966 2520 et
994 2457 1107 2520 iterum
1140 2481 1252 2522 summ
1288 2460 1375 2546 quod

284 2585 409 2648 semper
429 2561 626 2626 confectione
643 2562 686 2624 ita
701 2559 909 2648 cooperiatur,
926 2581 965 2624 ne
985 2581 1096 2622 aurum
1116 2573 1198 2624 auro¹
1215 2570 1376 2646 tangatur,

284 2667 391 2752 sicque
415 2665 510 2750 imple
523 2673 645 2728 testam
669 2662 829 2750 usquead
855 2673 1071 2739 summumst
1090 2662 1226 2748 desuper
1247 2667 1376 2750 cooperi

284 2789 357 2832 eum
373 2766 472 2830 altera
487 2777 581 2846 testa,
596 2787 676 2852 quas
691 2767 858 2852 diligenter
879 2763 1087 2829 clrcumliuias
1103 2765 1215 2850 argilla
1230 2765 1330 2832 mixta
1344 2777 1377 2830 et

284 2868 453 2945 maceratis,
468 2889 630 2954 ponesque
646 2869 686 2932 ad
702 2869 819 2953 ignem,
836 2877 871 2932 ut
885 2867 1027 2932 slecetur.
1074 2866 1205 2931 Interim
1219 2890 1377 2954 compone

284 2967 410 3031 furnum
426 2990 466 3032 ex
482 2968 639 3053 lapidibus
663 2977 695 3031 et
719 2969 840 3054 argilla,
855 2967 1020 3034 altitudine
1044 2970 1178 3035 duorum
1202 2971 1328 3057 pedum,
1344 2983 1378 3038 et

284 3069 449 3134 latitudine
487 3069 576 3156 pedis
606 3079 638 3134 et
667 3071 800 3151 dimidii,
827 3071 956 3136 inferius
989 3072 1099 3151 latum,
1129 3075 1272 3158 superius
1301 3093 1376 3139 vero

283 3173 437 3252 strictum,
461 3173 516 3238 ubi
538 3173 682 3238 foramen
706 3173 747 3238 sit
771 3174 803 3237 in
828 3175 944 3253 medio,
967 3173 1085 3261 inquo
1108 3175 1292 3240 eminebant
1312 3186 1376 3242 tres

283 3277 404 3362 lapides
418 3277 578 3362 longiores
593 3286 625 3340 et
638 3277 718 3356 dun',
735 3279 788 3364 qui
813 3278 935 3362 possint
949 3276 1113 3340 flammam
1137 3278 1190 3342 diu
1211 3279 1376 3359 sustinere,

282 3400 376 3463 super
400 3401 482 3464 quos
502 3401 601 3465 pones
623 3387 722 3444 testas
744 3401 816 3442 cum
843 3401 930 3457 auro,
950 3388 996 3444 et¹
1010 3380 1170 3466 cooperies
1194 3381 1263 3444 aliis
1286 3383 1376 3446 testis

283 3481 495 3544 abundanter.
543 3479 667 3545 Deinde
693 3503 836 3567 suppone
860 3481 967 3566 ignem
994 3491 1026 3544 et
1050 3483 1146 3568 ligna,
1175 3491 1208 3546 et
1237 3504 1313 3546 cave
1335 3505 1376 3545 ne

283 3582 411 3645 deficiat
426 3581 507 3667 ignis
522 3583 671 3670 copiosus
686 3605 742 3670 per
757 3583 895 3669 spatium
909 3583 971 3646 diei
986 3605 1024 3646 ac
1039 3585 1150 3648 noctis.
1185 3585 1284 3648 Mane
1300 3607 1375 3648 vero

282 3683 401 3748 eiciens
424 3706 545 3764 aurum,
562 3707 685 3749 rursum
709 3686 817 3765 l'uude,
833 3694 963 3772 percute
983 3695 1014 3748 et
1037 3685 1164 3772 impone
1180 3687 1272 3750 furno
1295 3687 1377 3750 sicut

283 3785 379 3872 prius.
404 3785 524 3850 lterum
539 3797 646 3852 autem
662 3798 735 3874 post
749 3789 833 3853 diem
850 3797 976 3852 noctem
992 3787 1088 3867 aufer,
1104 3797 1137 3850 et
1151 3787 1329 3851 admiscens
1346 3788 1374 3852 ei

284 3889 443 3954 modicum
474 3891 573 3975 cupri,
588 3890 685 3954 funde
708 3892 792 3956 sicut
815 3891 911 3976 prius,
927 3899 960 3953 et
981 3911 1104 3975 repone
1126 3888 1373 3976 superfuruum.

282 3991 429 4080 Cumque
454 3994 546 4058 tertio
574 3993 767 4080 deposueris,
788 3994 860 4058 lava
886 3993 1053 4078 diligenter
1077 3983 1118 4055 et
1139 3993 1241 4072 sicca;
1266 3993 1375 4079 sicque

282 4097 460 4180 ponderans
476 4096 546 4159 vide
562 4105 713 4180 quantum
730 4095 821 4174 desit,
834 4094 948 4159 deinde
964 4095 1118 4180 complica
1134 4105 1166 4158 et
1180 4117 1280 4160 serva.

1579 971 1591 1351 l

1459 2127 1465 2138 .
1572 1863 1591 2180 l
