3168 5140
323 497 387 560 420
780 515 960 562 inuuunt.

322 677 454 754 graveto
476 668 614 752 meptiza
635 666 709 732 albo
730 666 872 753 plumbo.
930 667 1076 732 lndicum
1099 668 1219 733 incides
1240 667 1281 732 de
1303 671 1424 746 acurio,

324 771 462 856 maptiza
488 771 528 834 de
553 768 627 834 albo
651 770 792 855 plumbo.
848 770 930 835 ltem
957 771 1055 836 misce
1080 771 1220 836 indicum
1247 793 1320 836 cum
1346 771 1424 835 albo

323 873 464 958 plumbo,
479 872 599 938 incides
613 873 655 936 de
669 873 784 952 indico,
800 875 937 959 meptiza
951 874 991 938 de
1006 875 1081 938 albo
1096 874 1237 959 plumbo.
1282 873 1423 939 Crocum

322 975 442 1040 incides
457 976 497 1040 de
515 977 697 1056 vermicu10,
719 977 857 1062 maptiza
878 977 919 1042 de
940 977 1014 1042 albo
1030 977 1170 1063 plumbo.
1217 977 1299 1042 ltem
1322 977 1423 1040 misce

324 1099 453 1143 crocum
474 1099 547 1142 cum
567 1079 641 1144 albo
659 1079 801 1166 plumbo,
815 1080 935 1146 incides
950 1081 991 1144 de
1010 1101 1116 1159 croco,
1136 1081 1274 1166 meptiza
1288 1080 1330 1143 de
1345 1079 1421 1142 albo

323 1181 465 1266 plumbo.
511 1181 637 1248 Folium
658 1183 778 1248 incides
798 1183 840 1248 de
854 1183 956 1269 nigro,
970 1183 1108 1268 meptiaa
1129 1185 1170 1250 de
1186 1183 1260 1248 albo
1278 1182 1422 1267 plumbo.

326 1281 408 1348 ltern
424 1283 521 1350 misce
536 1285 646 1350 lolium
661 1305 736 1350 cum
750 1285 823 1350 albo
838 1284 979 1372 plumbo.

629 1573 1107 1582 *ιι-*ῥ’

376 1779 406 1822 Sl
431 1779 485 1823 vis
508 1779 640 1823 FACERE
663 1777 806 1823 LITEEAE
828 1776 962 1821 AUREAS
986 1777 1054 1820 VEL
1076 1776 1278 1820 andnumans
1302 1777 1369 1820 VEL

549 1881 701 1926 curans
723 1881 791 1926 VEL
813 1881 920 1924 EEEAS
943 1880 1012 1924 Aut·
1035 1880 1196 1924 FERREAS.

325 2046 550 2200 ACCIPE
566 2049 675 2113 limam
684 2059 716 2114 et
727 2051 887 2116 metallum
895 2049 973 2114 illud
985 2058 1017 2113 et
1032 2049 1174 2114 limando
1186 2049 1237 2113 fac
1249 2050 1421 2136 pulverem.

455 2149 575 2216 Postea
596 2151 704 2239 accipe
729 2174 892 2238 gummam
915 2151 1096 2238 primariam
1119 2160 1151 2215 et
1173 2172 1273 2238 pones
1294 2173 1365 2215 eam
1388 2152 1423 2215 in

325 2263 428 2334 aceto,
450 2255 573 2319 dimitte
587 2276 641 2342 per
665 2255 749 2319 diem
764 2263 797 2320 et
815 2263 943 2320 noctem
958 2263 989 2317 et
1010 2261 1121 2339 postea
1141 2253 1272 2317 extrahe
1291 2253 1375 2316 foras
1391 2265 1423 2318 et

325 2357 415 2423 mitte
436 2377 508 2422 eam
523 2358 556 2421 in
574 2379 691 2444 squam
709 2357 828 2423 claram
850 2357 1079 2444 aliquantulum
1100 2355 1241 2442 tepidam
1255 2365 1288 2420 et
1309 2356 1354 2420 ibi
1374 2355 1422 2419 di-

324 2461 414 2525 mitte
434 2482 491 2547 per
505 2460 588 2525 diem
604 2469 636 2524 et
650 2469 787 2526 noctem.
832 2459 953 2524 Postea
974 2459 1084 2544 accipe
1106 2480 1270 2545 gammam
1284 2468 1318 2521 et
1330 2459 1421 2522 lima·

324 2573 427 2627 turam
443 2572 475 2626 et
489 2563 573 2628 mole
589 2558 681 2647 super
696 2571 819 2649 petram
834 2561 966 2641 fortiter,
987 2569 1019 2626 et
1033 2561 1225 2647 distempera
1239 2582 1312 2624 cum
1327 2582 1423 2647 aqua,

325 2665 359 2728 in
381 2687 445 2752 qua
467 2665 710 2752 distemperatus
732 2675 782 2730 est
803 2664 906 2752 pulvis
927 2665 989 2744 ille,
1012 2673 1136 2728 tantum
1159 2672 1195 2727 ut
1217 2663 1297 2728 bene
1319 2666 1424 2749 possis

324 2769 470 2834 scribere.
515 2767 550 2832 Si
565 2791 630 2832 non
641 2768 741 2833 habes
756 2788 919 2854 gammam
931 2767 1039 2853 accipe
1052 2765 1230 2830 moniacam
1246 2774 1278 2830 et
1292 2765 1423 2830 distem·

325 2889 402 2951 pera
416 2887 489 2930 cum
504 2887 588 2953 aqua
602 2865 715 2946 calida,
738 2867 771 2930 in
784 2888 849 2953 qua
864 2865 1042 2930 moniacam
1057 2864 1198 2929 dimittes
1213 2886 1270 2949 per
1284 2864 1423 2929 medium

323 2967 418 3030 diem.
469 2964 588 3032 Postea
616 2970 808 3056 distempera
836 2978 872 3032 ut
899 2967 1018 3032 dictum
1048 2974 1097 3031 est
1125 2965 1282 3053 utrinque,
1301 2974 1344 3030 ·et
1372 2967 1423 3030 lac

323 3068 429 3132 literas
444 3089 523 3155 quas
538 3069 684 3135 volueris.
729 3069 821 3148 Quas
836 3067 945 3158 utique
967 3070 1101 3136 siccatas
1113 3069 1212 3154 polies
1225 3069 1334 3134 leviter
1348 3091 1424 3133 cnm

326 3169 422 3235 dente
437 3171 504 3258 lupi
519 3173 568 3236 vel
584 3173 682 3254 canis,
704 3181 737 3237 et
755 3173 938 3260 hujusmodi
958 3183 1014 3238 aut
1029 3194 1101 3236 cum
1121 3172 1226 3259 lapide
1241 3172 1350 3258 polito,
1373 3171 1424 3236 vel

326 3272 542 3338 adamantino.

616 3497 1106 3509 m*—

540 3721 570 3764 Sl
594 3721 649 3764 vts
672 3720 803 3766 FACERE
818 3719 1049 3764 vsumlcutunt
1072 3717 1204 3762 BONUM.

326 3851 550 4010 ACCIPE
570 3853 742 3940 ampullam
762 3853 893 3918 vitream
915 3862 946 3918 et
965 3853 1020 3916 lini
1040 3873 1111 3917 eam
1131 3853 1172 3917 de
1192 3852 1268 3916 loris
1283 3851 1323 3915 de
1343 3852 1425 3930 luto,

452 3957 502 4022 vel
517 3955 666 4044 argillosa
684 3965 766 4022 terra
781 3966 813 4020 et
826 3977 909 4043 pone
924 3955 957 4018 in
972 3977 1042 4019 eam
1058 3955 1122 4020 dua
1137 3954 1278 4042 pondera
1293 3953 1424 4018 sulfuris

324 4063 398 4141 albi,
420 4061 470 4125 vel
485 4059 588 4126 crocci
603 4060 728 4140 coloris,
751 4067 783 4124 et
797 4081 896 4124 unum
919 4059 1044 4145 pondus
1066 4057 1190 4145 argenti
1209 4057 1271 4121 vivi
1287 4065 1319 4120 et
1341 4078 1425 4142 pone

322 4187 418 4251 super
432 4163 512 4227 duas
527 4169 632 4249 petras
647 4170 679 4226 et
691 4170 767 4225 tunc
782 4183 908 4249 appone
923 4161 1031 4246 ignum
1046 4159 1265 4225 lentissimum.
1300 4157 1425 4222 Tamen

322 4267 485 4354 cooperias
512 4263 676 4352 operculos
702 4263 849 4348 ampullae
873 4264 915 4327 de
940 4285 1039 4350 parva
1065 4264 1174 4349 tegula
1200 4263 1250 4326 vel
1275 4270 1365 4347 petra
1391 4271 1427 4324 et

322 4369 475 4457 quamdiu
496 4368 611 4433 videris
630 4367 752 4430 furnum
771 4365 900 4430 rubeum
923 4367 1015 4452 quasi
1037 4365 1253 4444 vermiculum,
1276 4362 1322 4428 sic
1346 4363 1427 4428 tolle

323 4471 364 4535 ab
380 4473 464 4558 igne,
484 4480 517 4534 et
531 4470 664 4534 habebis
679 4467 886 4534 vermiculum
902 4469 1032 4532 bonurn.
