3220 5138
291 497 333 560 28
657 517 845 562 rusornrur
869 519 972 563 mass
996 520 1019 563 1.

290 667 421 752 dispone
436 689 515 752 opus
532 675 633 745 tuum,
648 668 793 732 videlicet
808 670 963 756 imagines
978 681 1033 735 aut
1049 671 1177 750 bestias,
1194 673 1241 735 vel
1258 694 1334 736 aves
1350 683 1382 736 et

290 769 373 848 folia,
389 769 454 831 sive
469 769 680 856 quodcunque
703 770 881 856 pertrahere
895 773 1040 836 volueris
1086 771 1162 848 Quo
1177 773 1262 837 facto
1285 774 1311 837 si
1326 773 1381 838 de-

291 889 397 932 corare
413 869 548 931 volueris
571 891 651 954 opus
674 881 775 950 tuum,
791 873 857 936 auri
873 875 1011 959 petulam
1034 875 1187 961 impones,
1210 897 1308 962 quam
1325 879 1379 942 tali

290 969 385 1033 modo
401 969 506 1034 facies.

585 1397 813 1524 orror
874 1432 1065 1527 xxm

677 1665 723 1708 DE
747 1665 879 1710 Parum
902 1666 998 1710 num.

386 1931 498 1996 ncabis
527 1953 598 1995 eam
627 1953 667 1995 ex
697 1941 830 2018 utraque
853 1941 942 2016 parte
968 1953 1040 1997 cum
1064 1933 1162 1996 rubeo
1186 1933 1303 2012 colore,
1327 1934 1380 2022 qui

289 2033 483 2098 comburitur
512 2055 552 2096 cx
582 2033 747 2118 synopide,
769 2032 801 2095 id
831 2041 879 2096 est
900 2055 989 2118 ogra,
1012 2034 1221 2098 minutissime
1250 2035 1324 2098 trito
1351 2046 1383 2098 et

290 2136 387 2215 sicco,
401 2145 434 2200 et
448 2135 548 2222 polies
563 2156 635 2199 eam
650 2133 746 2198 deute
761 2134 903 2213 castoris,
914 2135 979 2198 sive
996 2137 1070 2216 ursi,
1085 2137 1135 2200 vel
1156 2137 1234 2222 apri,
1248 2136 1382 2222 diligen-

288 2239 420 2318 tissime,
442 2237 545 2301 donec
567 2235 672 2300 lucida
695 2237 763 2315 fiat,
779 2246 811 2300 et
833 2237 918 2302 idem
938 2240 1026 2302 color
1046 2239 1116 2324 ipsa
1137 2237 1300 2302 fricatione
1324 2239 1382 2304 ad-

289 2340 416 2404 haereat.
456 2339 581 2404 Deinde
596 2339 700 2402 incide
717 2338 833 2424 forcipe
849 2339 949 2426 ipsam
966 2361 1191 2426 pergamenam
1206 2361 1262 2426 per
1277 2349 1383 2425 partes

289 2441 427 2528 quadras
444 2440 485 2504 ad
503 2440 701 2504 latitudinem
722 2450 857 2526 quatuor
875 2441 1056 2526 digitorum,
1071 2441 1232 2527 aequaliter
1250 2443 1334 2506 latas
1351 2451 1384 2505 et

289 2546 411 2629 longas.
465 2541 677 2608 Postmodum
699 2542 794 2606 facies
818 2543 929 2607 eadem
955 2565 1102 2608 mensura
1126 2564 1165 2607 ex
1190 2563 1382 2630 pergaon

290 2647 376 2710 vituli
401 2645 492 2732 quasi
515 2644 718 2730 marsupium,
741 2654 773 2708 et
794 2645 916 2710 fortiter
937 2667 1082 2724 consues,
1105 2645 1149 2708 ita
1174 2646 1325 2730 amplum,
1348 2652 1384 2708 ut

289 2748 405 2810 multas
427 2756 531 2832 partes
554 2747 719 2811 rubricatae
741 2769 939 2833 pergameum
960 2747 1063 2833 possis
1085 2746 1262 2832 implevere.
1308 2745 1382 2822 Quo

290 2848 385 2924 facto,
400 2849 476 2911 tolle
491 2870 603 2912 summ
624 2871 737 2934 pumm
761 2857 793 2912 et
816 2849 866 2912 fac
886 2849 963 2913 illud
984 2849 1137 2913 attenuari
1160 2849 1274 2912 malleo
1289 2869 1383 2934 super

287 1828 482 1994 TpLLE
506 1851 731 1914 pergamenam
755 1829 913 1910 Graecam,
936 1853 1007 1916 quae
1032 1833 1068 1894 fit
1089 1853 1129 1894 ex
1153 1832 1227 1894 lana
1248 1831 1324 1893 lini¹
1350 1841 1382 1895 et

290 2949 436 3012 incudem
455 2950 607 3034 {equalem
632 2949 879 3036 diligentissime,
895 2951 948 3029 ita,
964 2959 1000 3014 ut
1021 2951 1107 3013 nulla
1131 2951 1171 3014 sit
1191 2950 1224 3012 in
1243 2971 1281 3014 eo
1303 2950 1383 3014 frac-

290 3058 370 3130 tura,
385 3061 418 3113 et
431 3050 533 3113 incide
549 3051 626 3114 illud
639 3073 695 3136 per
710 3051 846 3137 quadras
867 3061 973 3137 partes
995 3051 1037 3114 ad
1052 3073 1232 3115 mensuram
1247 3052 1382 3115 duomm

289 3151 469 3236 digitorum.
517 3152 641 3216 Deinde
657 3153 763 3217 mittes
781 3153 814 3216 in
833 3152 910 3216 illud
934 3153 1126 3237 marsupium
1144 3173 1242 3215 unam
1261 3163 1382 3238 partem

289 3253 454 3316 rubricatae
479 3275 689 3340 pergamenae,
715 3263 747 3318 et
774 3277 869 3340 supra
893 3276 963 3318 eam
988 3277 1084 3317 unam
1108 3263 1231 3339 partem
1254 3255 1322 3317 auri
1349 3255 1382 3318 in

289 3355 404 3434 medio,
420 3355 526 3441 sicque
547 3378 772 3441 pergamenam
789 3366 821 3420 et
839 3379 946 3420 rursus
963 3377 1092 3434 aumm3
1116 3365 1212 3442 atque
1227 3354 1271 3418 ita
1286 3355 1383 3418 facies

289 3457 390 3521 donec
414 3457 580 3543 impleatur
604 3458 809 3544 marsupium,
828 3468 861 3521 et
881 3479 992 3520 aurum
1016 3458 1056 3520 sit
1078 3478 1201 3542 semper
1223 3457 1255 3519 in
1277 3458 1382 3522 medio

288 3559 503 3623 commixtum.
550 3559 675 3622 Dehinc
697 3559 817 3624 habeas
839 3560 986 3622 malleum
1009 3559 1133 3623 fusilem
1155 3580 1194 3621 ex
1213 3559 1381 3638 auricalco,

282 3663 378 3747 juxta
392 3661 590 3724 manubrium
605 3661 754 3746 gracilem
778 3669 810 3722 et
827 3661 860 3724 in
881 3661 975 3746 plana
996 3661 1108 3740 latum,
1124 3659 1208 3722 unde
1227 3663 1382 3745 percuties

288 3764 393 3848 ipsum
416 3763 609 3847 marsupium
634 3783 727 3847 super
748 3762 885 3848 lapidem
909 3784 1061 3848 magnum
1084 3772 1116 3825 et
1137 3762 1301 3847 aequalem,
1318 3784 1383 3824 non

287 3866 433 3951 graviter,
450 3865 504 3927 sed
527 3863 708 3944 moderate5
733 3873 765 3927 et
787 3885 858 3927 cum
882 3864 996 3948 saepius
1018 3861 1201 3948 respexeris
1222 3862 1382 3926 consider·

285 3967 363 4046 able,
389 3975 495 4030 utrum
519 3967 596 4031 velis
627 3967 729 4052 ipsum
761 3987 873 4030 aurum
910 3966 1039 4028 omnino
1076 3974 1169 4028 tenue
1193 3964 1305 4043 facere,
1333 3965 1383 4028 vel

288 4069 485 4133 mediocriter
499 4069 644 4154 spissum.
691 4068 724 4131 Si
740 4079 846 4132 autem
870 4067 1095 4153 supercreverit
1116 4087 1227 4129 aurum
1249 4067 1282 4128 in
1304 4075 1383 4129 atte-

287 4172 414 4236 nuando
437 4180 468 4235 et
490 4171 684 4258 marsupium
706 4171 887 4249 excesserit,
903 4168 1054 4254 praecides
1076 4167 1152 4231 illud
1174 4167 1292 4252 forcipe
1310 4189 1381 4253 par-

287 4275 360 4338 vulo
377 4283 409 4338 et
424 4274 493 4352 levi,
510 4274 730 4337 tantummodo
751 4271 791 4336 ad
813 4272 874 4334 hoc
898 4293 978 4355 opus
1001 4271 1095 4335 facto.
1142 4269 1220 4334 Haec
1240 4279 1287 4333 est
1303 4271 1381 4333 ratio

669 4426 675 4452 ¹
689 4425 738 4472 “id
750 4433 785 4472 est
796 4423 921 4486 papinum,''
934 4441 960 4472 cr
973 4427 998 4472 C,
1008 4427 1038 4473 R.
