3228 5134
309 493 347 555 18
663 514 851 558 rnnornrur
877 517 980 560 usna
1004 517 1027 560 1.

303 663 369 747 pari
386 665 481 729 modo
497 666 613 729 mixtus
628 665 748 752 absque
764 688 849 746 suco,
866 676 898 731 et
912 668 993 732 inter
1008 689 1063 732 eos
1078 668 1135 732 fiat
1157 666 1249 731 albus
1263 674 1391 732 tractus.

304 763 432 830 Deinde
453 767 549 832 misce
572 789 611 832 ex
633 769 782 833 cenobrio
804 778 837 834 et
857 769 931 834 albo
953 779 1032 856 quot
1053 770 1174 833 colores
1189 769 1333 849 volueris,
1348 769 1392 833 ita

301 874 338 929 ut
351 867 470 952 primus
491 871 533 933 sit
554 871 714 935 modicum
736 871 886 951 cenobrii,
909 871 1065 935 secundus
1088 871 1170 956 plus,
1192 869 1302 934 tertius
1324 891 1392 933 am·
1458 898 1466 923 ι

301 969 393 1053 plius,
409 981 538 1058 quartus
553 972 657 1036 adhuc
672 973 752 1057 plus,
766 975 869 1037 donec
885 973 1051 1058 pervenias
1074 972 1115 1036 ad
1138 970 1273 1056 simplex
1295 993 1392 1035 ceno-

301 1071 414 1136 brium.
461 1074 586 1139 Deinde
601 1075 741 1139 admisce
763 1074 865 1140 eidem
888 1074 1051 1138 modicum
1075 1073 1219 1136 rubeum.
1266 1071 1391 1136 Deinde

299 1172 433 1259 simplex
449 1176 590 1240 rubeum.
636 1176 717 1241 Post
732 1177 799 1240 haec
816 1175 949 1240 rubeum
974 1176 1065 1260 nigro
1080 1175 1238 1252 admisce3
1262 1174 1302 1239 ad
1318 1174 1389 1237 ulti-

299 1295 386 1338 mum
411 1277 545 1362 nignrm.
591 1277 690 1342 Simili
716 1279 812 1343 modo
842 1278 1015 1342 commisce
1037 1279 1159 1342 colores
1181 1299 1221 1340 ex
1243 1275 1333 1341 viridi
1358 1283 1391 1339 et

298 1377 382 1456 albo,
399 1379 500 1444 donec
514 1381 677 1466 pervenias
693 1381 733 1443 ad
750 1381 882 1466 simplex
899 1380 1006 1443 viride.
1053 1379 1178 1442 Deinde
1199 1377 1339 1443 admisce
1360 1376 1390 1441 ei

298 1479 457 1544 modicum
487 1503 606 1546 sucum.
673 1480 854 1560 Commisce
885 1483 1008 1560 iterum,
1038 1490 1070 1544 et
1099 1480 1181 1543 adde
1211 1480 1282 1565 plus
1306 1478 1388 1556 suci.

299 1579 380 1645 Post
390 1582 457 1648 haec
469 1585 566 1649 misce
578 1584 739 1650 modicum
748 1584 828 1670 nigri
841 1608 849 1663 ;
866 1583 980 1647 deinde
991 1583 1059 1668 plus
1072 1607 1080 1660 ;
1098 1581 1138 1644 ad
1154 1581 1297 1644 ultimum
1314 1580 1388 1644 sim-

296 1682 369 1766 plex
381 1685 516 1772 nigrum.
552 1687 690 1750 Umbras
705 1708 778 1750 vero
794 1686 825 1748 in
841 1707 918 1772 ogra
928 1684 1024 1749 facies
1034 1705 1107 1748 cum
1123 1682 1219 1746 rubeo
1228 1705 1237 1761 ;
1261 1681 1302 1744 ad
1317 1681 1389 1744 ulti·

296 1805 382 1848 mum
396 1787 505 1852 addito
515 1790 616 1874 nigro.
644 1788 783 1852 Umbras
795 1789 917 1852 manisc
930 1808 1001 1851 cum
1014 1785 1108 1864 folio;
1125 1785 1165 1848 ad
1175 1784 1319 1848 ultimum
1331 1783 1388 1846 ad-

295 1885 362 1950 dito
378 1887 478 1974 nigro.
511 1890 651 1955 Umbras
663 1891 727 1955 folii
738 1913 808 1953 cum
827 1890 934 1966 rubeo,
955 1888 1063 1951 addito
1078 1887 1168 1972 nigro
1177 1885 1217 1949 ad
1229 1883 1386 1948 ultimum.

295 1985 360 2060 Qui
375 1991 495 2055 colores
510 1991 554 2056 ita
568 1992 706 2077 ponendi
722 2001 806 2071 sunt,
822 2001 858 2055 ut
880 2013 918 2058 ex
943 1989 1048 2054 medio
1070 1987 1247 2074 pallidiores
1268 1994 1387 2050 tractus

293 2091 477 2173 procedant,
493 2102 525 2157 et
539 2094 583 2158 ita
598 2095 771 2158 ascendant
792 2114 891 2180 usque
913 2091 953 2156 ad
977 2091 1114 2155 exterius
1137 2089 1270 2173 nigrum.
1316 2086 1386 2152 Ho-

293 2211 363 2255 rum
376 2201 535 2259 tractuum
552 2217 715 2282 nunquam
731 2196 912 2281 plusquam
930 2192 1099 2257 duodecim
1121 2211 1192 2255 esse
1207 2200 1339 2276 possunt
1353 2190 1385 2252 in

293 2302 426 2380 unoque
441 2297 556 2361 colore.
602 2296 646 2361 Et
661 2297 687 2361 si
703 2297 837 2360 volueris
852 2305 910 2374 tot,
934 2295 979 2360 sie
1003 2305 1144 2380 tempera
1165 2291 1329 2370 mixturas,
1351 2301 1386 2356 ut

293 2394 427 2481 simplex
442 2399 474 2462 in
490 2399 624 2484 septimo
645 2400 716 2463 loco
732 2421 842 2484 ponas.
888 2397 922 2461 Si
938 2397 1071 2461 volueris
1094 2417 1218 2474 novem,
1240 2394 1273 2456 in
1295 2403 1385 2457 sexto

295 2497 366 2561 loco
390 2498 523 2586 simplex
546 2521 639 2587 pone.
686 2499 719 2564 Si
741 2501 875 2564 volueris
898 2509 971 2564 octo
994 2499 1042 2563 vel
1065 2505 1196 2584 septem,
1218 2495 1251 2558 in
1273 2495 1384 2581 quinto

294 2599 365 2664 loco
381 2601 514 2689 simplex
530 2624 621 2690 pone.
668 2601 701 2667 Si
717 2603 851 2666 volueris
873 2623 941 2680 sex,
963 2601 995 2664 in
1018 2609 1141 2686 quarto.
1187 2597 1220 2661 Si
1235 2597 1383 2683 quinque,

292 2699 323 2762 in
339 2704 441 2768 tertio.
486 2703 520 2768 Si
542 2715 679 2792 quatuor
701 2706 750 2769 vel
772 2716 847 2783 tres,
871 2725 937 2767 non
963 2703 1145 2788 interponas
1169 2700 1214 2764 eis
1240 2699 1383 2784 simplex,

291 2803 347 2865 sed
372 2825 455 2886 eum,
478 2807 533 2892 qui
556 2817 629 2872 ante
655 2808 829 2893 simplicem
850 2806 925 2892 poni
952 2805 1082 2869 deberet
1103 2802 1222 2866 habeas
1236 2823 1293 2887 pro
1308 2799 1383 2864 sim·

289 2903 371 2986 plici,
402 2917 434 2971 et
462 2909 564 2972 eidem
591 2911 730 2975 admisce
753 2909 898 2973 umbram
924 2905 1079 2992 usquead
1095 2903 1231 2967 exterius
1246 2901 1381 2987 nigrum.

291 3002 364 3070 Hoc
379 3031 473 3095 opere
487 3011 569 3074 fiunt
584 3010 688 3076 throni
704 3010 830 3076 rotundi
845 3018 877 3073 et
891 3005 1110 3094 quadranguli,
1121 3014 1153 3068 et
1167 3013 1285 3068 tractus
1300 3003 1383 3068 circa

289 3107 425 3189 lumbos,
441 3121 473 3176 et
487 3113 635 3177 arborum
651 3113 772 3200 stipites
786 3132 858 3176 cum
874 3108 980 3188 ramis,
1003 3115 1035 3171 et
1057 3107 1242 3191 columpnae,
1264 3113 1296 3168 et
1317 3112 1382 3168 tur-

290 3233 341 3276 res
357 3215 558 3294 rotundae,'et
579 3216 688 3280 sedilia
710 3226 742 3280 et
763 3212 912 3300 quicquid
936 3209 1105 3274 rotundum
1127 3228 1279 3293 apparere
1294 3206 1379 3271 velis.

289 3312 384 3380 Fiunt
399 3317 495 3383 etiam
511 3340 603 3383 arcus
618 3340 713 3404 super
727 3317 891 3381 columnas
907 3313 939 3375 in
961 3310 1109 3376 domibus
1130 3309 1241 3373 eodem
1264 3329 1378 3394 opere;

288 3418 345 3481 sed
361 3441 425 3483 uno
441 3421 556 3500 colore,
573 3421 617 3483 ita
632 3429 666 3482 ut
687 3418 817 3482 interius
840 3416 948 3480 album
971 3415 1011 3477 sit
1033 3422 1065 3476 et
1087 3411 1223 3475 exterius
1246 3409 1378 3495 nigrum.

286 3517 400 3583 Turres
416 3521 559 3585 rotundae
573 3522 655 3584 fiunt
669 3520 709 3584 de
724 3541 812 3605 ogra,
828 3519 872 3581 ita
892 3525 927 3581 ut
948 3517 980 3578 in
1002 3513 1106 3578 medio
1129 3513 1170 3577 sit
1192 3522 1311 3576 tractus
1332 3514 1379 3577 al·

286 3618 356 3698 bus,
372 3631 457 3686 etex
472 3633 604 3708 utraque
619 3631 707 3707 parte
722 3619 874 3706 procedat
889 3640 967 3704 ogra
978 3616 1106 3680 omnino
1122 3612 1238 3699 pallida
1254 3622 1286 3677 et
1299 3635 1378 3700 pau-

285 3720 373 3784 latim
396 3723 524 3788 trahens
540 3745 685 3788 croceum
707 3724 846 3787 colorem
870 3742 969 3807 usque
992 3717 1272 3802 antepenultimam
1295 3725 1378 3781 trac·

283 3829 363 3902 tum,
379 3846 451 3888 cum
466 3848 531 3912 quo
548 3825 715 3892 misceatur
731 3825 893 3889 modicum
909 3822 1041 3886 rubeum
1050 3845 1059 3899 3
1091 3818 1205 3881 deinde
1228 3817 1376 3903 amplius,

283 3922 329 3986 sie
344 3933 451 3990 tamen
468 3937 502 3991 ut
517 3949 577 3992 nec
592 3929 726 4015 simplex
749 3949 827 4013 ogra
843 3949 902 3990 nec
918 3925 1050 4010 simplex
1067 3921 1199 3985 rubeum
1214 3930 1376 4005 appareat.

284 4023 408 4090 Eodem
425 4030 521 4094 modo
537 4040 569 4094 et
585 4032 695 4096 eadem
712 4031 847 4095 mixtura
862 4030 943 4092 fiunt
957 4038 1057 4091 turres
1072 4022 1214 4088 rotundae
1229 4044 1269 4086 ex
1284 4021 1375 4108 nigro

282 4136 315 4190 et
339 4129 421 4194 albo.
468 4131 597 4219 Stipites
620 4135 767 4199 arborum
789 4130 1035 4196 commiscentur
1056 4147 1095 4188 ex
1117 4124 1207 4187 viridi
1230 4134 1262 4187 et
1284 4147 1374 4211 ogra,
