3236 5144
288 487 352 550 256
634 503 824 548 rusorrrrur
849 503 952 546 arsen
977 503 1028 548 111.

288 657 436 742 poliendo
460 667 658 742 acceperant,
682 656 901 741 extinctusque
916 655 948 717 in
964 675 1049 740 aqua
1072 675 1193 716 rursum
1218 651 1386 736 diligenter

288 759 461 844 sculpendo
484 759 593 845 polles,
613 758 715 822 donec
739 755 889 820 eximium
913 757 1070 842 fulgorem
1093 754 1261 841 accipiant,
1277 752 1385 837 sicque

289 860 444 925 colorabis
460 883 525 939 eas,
540 860 596 924 uli
611 859 820 923 confectione.

633 1321 1034 1450 olpur‘xu.

636 1575 684 1617 1>ss
705 1574 909 1618 COLORANDO
933 1575 1035 1619 Auso.

353 1725 457 1789 UME
480 1733 716 1802 attramentum,
726 1723 815 1787 mitte
830 1723 862 1786 iu
883 1731 997 1787 testam
1014 1725 1084 1787 ollae
1100 1726 1251 1788 mundam
1268 1734 1300 1790 et
1315 1725 1386 1811 igne

374 1828 550 1914 probatam,
566 1849 687 1912 ponens
703 1847 796 1912 super
811 1825 974 1904 carbones,
987 1827 1089 1890 donec
1101 1829 1232 1892 omuino
1247 1828 1389 1914 liquefiat

292 1941 325 1996 et
338 1931 527 1995 indurescat.
574 1927 699 1992 Deinde
722 1927 811 1992 aufer
829 1949 848 1990 a
866 1937 950 1992 testa
972 1936 1004 1992 et
1025 1930 1114 1994 mitte
1137 1931 1197 1995 sub
1218 1931 1305 2017 ipsos
1320 1951 1389 1995 car-

293 2033 402 2109 bones,
418 2041 513 2117 atque
529 2030 655 2116 cooperi
667 2030 844 2115 diligenter,
857 2038 889 2093 et
900 2052 973 2093 cum
984 2029 1057 2094 folle
1069 2033 1172 2110 suffla,
1187 2032 1289 2096 donec
1301 2054 1389 2096 com·

293 2135 424 2198 buratur
445 2143 477 2197 et
499 2133 531 2196 in
554 2132 683 2196 rubeum
706 2132 844 2195 colorem
858 2140 1070 2196 convertatur.
1116 2133 1231 2198 Statim
1245 2135 1388 2198 ablatum

294 2236 335 2300 ab
350 2237 424 2323 igne
446 2256 518 2300 cum
542 2233 758 2320 refrigeratum
782 2234 884 2312 fuerit,
907 2243 973 2298 tere
995 2235 1027 2297 in
1051 2236 1181 2300 scutella
1196 2237 1301 2322 lignea
1316 2258 1389 2300 cum

294 2339 395 2404 ferreo
410 2337 535 2416 malleo,
557 2336 679 2400 addens
701 2336 730 2400 ei
752 2337 878 2400 tertiam
900 2345 1022 2422 partem
1044 2339 1130 2418 salis,
1148 2349 1390 2425 temperansquc

294 2463 366 2506 curn
382 2441 455 2504 vino
477 2440 543 2504 sive
565 2439 664 2515 urina,
687 2459 811 2501 rursum
831 2438 953 2502 fortiter
972 2447 1048 2515 tere,
1063 2440 1166 2504 donec
1183 2442 1318 2526 spissum
1335 2442 1392 2504 fiat

295 2544 376 2608 sicut
390 2545 453 2607 fex.
500 2540 552 2605 Ex
567 2541 628 2604 hac
643 2540 840 2603 confectione
862 2561 935 2602 cum
952 2562 1058 2625 penna
1080 2543 1207 2628 cooperi
1232 2543 1318 2630 quod
1335 2544 1391 2607 de.

295 2656 438 2710 auratum
461 2653 519 2724 est,
541 2644 586 2708 sic
608 2653 644 2707 ut
666 2643 743 2706 nihil
767 2642 835 2706 auri
859 2651 1020 2728 appareat,
1047 2653 1079 2708 et
1102 2667 1185 2730 pone
1207 2669 1301 2732 super
1323 2669 1392 2710 car-

296 2749 406 2825 bones,
428 2748 531 2811 donec
553 2747 739 2825 exsiccetur,
754 2755 787 2809 et
809 2745 914 2807 fumus
938 2768 978 2808 ex
1004 2747 1091 2808 omni
1116 2757 1204 2833 parte
1229 2749 1392 2813 modicum

294 2851 455 2935 procedat,
478 2857 511 2910 et
534 2869 609 2912 rnox
631 2847 775 2910 auferens
801 2846 843 2910 ab
868 2847 941 2932 igne
965 2848 1053 2912 mitte
1075 2849 1108 2912 in
1130 2871 1258 2936 aquam,
1281 2853 1393 2916 lavans

295 2949 461 3034 diligenter
475 2970 548 3012 cum
571 2947 646 3010 setis
669 2947 804 3025 mundis,
828 2969 1014 3034 rursumque
1035 2951 1198 3016 exsiccans
1214 2976 1309 3039 super
1324 2977 1395 3018 car-

297 3050 406 3130 bones,
420 3051 545 3114 involve
559 3071 665 3136 panuo
681 3049 801 3112 mundo
816 3051 917 3114 donec
934 3052 1140 3138 refrigeretur.

633 3518 859 3614 CAr‘UT
917 3520 1054 3616 XLI.

631 3745 676 3789 DE
700 3745 874 3790 POLIENDO
897 3747 1056 3792 NIGELLO.

375 3857 527 3924 ENENS
539 3881 613 3924 vero
629 3861 703 3925 illud
719 3861 752 3923 in
767 3861 879 3924 eodem
894 3881 1012 3944 panno,
1024 3861 1275 3948 radediligenter
1288 3865 1398 3928 omnia

394 3966 474 4044 loca,
490 3987 559 4052 quie
575 3965 691 4052 nigello
706 3964 872 4050 denigrata
887 3975 970 4040 sunt,
985 3985 1058 4027 cum
1074 3965 1156 4027 ferro
1172 3965 1301 4029 rasorio.

345 4069 424 4134 Post
440 4069 507 4132 haec
523 4068 642 4132 habeas
658 4067 844 4153 (¹lapidem)
868 4065 989 4149 nigrum
1007 4077 1040 4128 et
1059 4067 1197 4146 mollem,
1213 4069 1267 4154 qui
1286 4069 1398 4133 leviter

299 4173 401 4258 possit
428 4172 521 4236 incidi
548 4181 580 4235 et
605 4193 685 4256 pene
712 4189 784 4232 cum
809 4187 915 4251 ungue
931 4167 1009 4247 radi,
1034 4179 1066 4231 et
1090 4171 1237 4234 curtillo
1267 4171 1398 4234 fricabis

333 4325 339 4354 ι
358 4329 374 4352 u
385 4324 506 4387 ppidflmf'
523 4341 571 4374 „022
583 4330 684 4386 apparot
701 4322 728 4368 iu
744 4318 818 4366 codice
829 4317 936 4371 Heriem
953 4319 994 4366 froc
1008 4328 1185 4381 compaterer
1200 4323 1257 4372 God.
1271 4325 1400 4386 Guelpden

298 4410 388 4470 bytuoo.
