3140 5152
261 385 325 451 998
613 403 803 448 rusoesrsr
829 403 933 446 ussa
956 405 1009 447 ιιι.

263 577 331 620 rum
347 553 475 620 nomina
491 555 608 619 scribes
623 555 655 618 iu
668 553 807 618 inferiori
823 554 921 618 limbo
935 553 1077 639 ejusdem
1088 554 1191 638 spatii,
1201 563 1234 616 et
1249 553 1281 616 in
1294 553 1365 616 siu-

262 658 344 744 gulis
368 656 493 742 angulis
512 657 606 742 juxta
622 655 741 742 lapides
766 657 862 720 facies
877 656 1019 741 singulas
1042 656 1230 719 fenestellas.
1276 655 1363 720 Haec

262 759 321 822 erit
346 758 516 824 similitudo
546 759 586 824 de
615 780 680 848 qua
708 759 863 844 propheta
892 758 987 822 dicit:
1016 757 1069 821 Ab
1099 757 1230 821 Oriente
1256 769 1363 842 portae

262 869 336 940 tres,
351 871 383 924 et
405 860 446 924 ab
462 859 637 926 Occidente
652 871 750 947 portae
765 871 839 938 tres,
853 869 885 924 et
907 883 927 924 a
953 859 1135 924 Meridiano
1158 869 1258 944 portae
1281 869 1362 938 tres,

263 975 295 1028 et
309 987 328 1028 a
344 963 563 1050 Septentrione
578 973 677 1050 portae
696 972 768 1028 tres.
815 963 853 1026 lu
877 972 1012 1050 quatuor
1026 971 1131 1026 autem
1147 963 1282 1048 angulis,
1303 964 1362 1050 qui

263 1076 337 1132 sunt
352 1067 433 1130 inter
446 1067 618 1132 divisiones
627 1075 799 1152 portarum,
813 1065 965 1130 formabis
980 1065 1012 1128 in
1023 1085 1095 1128 cera
1109 1065 1250 1150 singulas
1263 1067 1362 1128 barri-

263 1171 351 1234 culas
367 1169 528 1250 rotrrndas,
540 1191 594 1255 per
607 1191 687 1256 quas
698 1177 820 1232 catenae
829 1167 1015 1232 transibunt.
1061 1166 1122 1230 His
1136 1167 1181 1230 ita
1195 1167 1363 1252 dispositis

263 1271 360 1336 facias
375 1271 407 1334 in
422 1271 567 1358 proxima
582 1270 732 1356 superiori
748 1269 825 1334 turri
845 1271 987 1352 singulas
1001 1270 1157 1354 imagines
1172 1271 1363 1354 augelorum

264 1373 402 1460 integras
418 1375 450 1437 in
471 1373 697 1461 quadrangulis
719 1372 840 1458 spatiis,
857 1372 881 1451 (¹
893 1393 965 1436 cum
988 1371 1086 1436 scutis
1101 1383 1134 1436 et
1148 1371 1266 1436 lanceis
1280 1372 1362 1450 suis,

264 1476 355 1564 quasi
369 1476 409 1540 ad
427 1475 603 1538 custodiam
618 1495 778 1538 murorum
794 1483 924 1553 atauus,
940 1483 971 1538 et
993 1474 1025 1537 in
1046 1474 1188 1538 rotundis
1203 1473 1364 1536 terriculis

265 1578 416 1644 formabis
431 1578 634 1641 columnellas
649 1599 722 1641 cuna
745 1576 898 1662 capitellis
913 1577 979 1641 suis
994 1586 1026 1640 et
1047 1576 1186 1640 basibus.
1232 1575 1363 1640 Eodem

265 1683 361 1746 modo
377 1681 473 1744 facies
489 1679 521 1742 in
536 1680 711 1766 penultima
725 1679 813 1758 turri,
823 1701 895 1766 quoe
906 1679 1031 1743 brevior
1042 1688 1100 1759 est,
1117 1677 1264 1742 dimidias
1279 1679 1364 1742 ima-

264 1782 354 1868 gines
369 1783 553 1868 angelorum
569 1793 601 1846 et
616 1783 683 1868 pari
695 1783 791 1847 modo
806 1782 1021 1846 columnellas.
1067 1782 1106 1843 ln
1121 1781 1273 1866 superiori
1285 1803 1365 1846 vero

265 1883 351 1960 turri,
367 1905 436 1968 quas
452 1884 597 1968 gracilior
612 1886 679 1962 erit,
695 1884 791 1948 facies
807 1883 959 1947 fenestras
975 1884 1086 1968 longas
1101 1891 1135 1946 ct
1152 1882 1315 1962 rotundae,
1331 1895 1365 1947 et

265 1985 297 2048 in
313 1985 492 2050 summitate
508 1986 600 2049 turris
616 1987 852 2072 propugnacula
864 1985 1045 2064 incircuitu,
1061 1987 1093 2048 in
1109 2007 1243 2072 quomm
1256 1987 1366 2050 medio

266 2085 416 2151 formabis
431 2108 560 2173 agnum,
576 2098 608 2152 et
622 2089 654 2152 in
670 2088 772 2174 capite
788 2089 856 2173 ejus
872 2109 1022 2152 coronam
1037 2097 1071 2151 et
1085 2097 1265 2168 crucem,et
1278 2089 1366 2153 circa

266 2190 395 2254 dorsum
411 2191 479 2276 ejus
494 2191 622 2254 brevem
639 2213 757 2270 arcum,
771 2190 803 2252 in
820 2191 910 2275 cujus
925 2190 1105 2254 summitate
1120 2191 1162 2253 sit
1175 2191 1299 2269 anulus,
1310 2193 1366 2254 cui

267 2291 447 2379 imponatur
472 2294 577 2358 media
604 2303 725 2359 catena.
772 2291 857 2356 Haec
879 2302 928 2355 est
953 2292 1093 2378 superior
1117 2315 1191 2378 pars
1213 2292 1365 2356 thuribuli

267 2417 341 2458 cum
354 2417 447 2482 opere
461 2419 529 2461 suo.

312 2498 457 2564 inferiori
474 2522 548 2565 vero
564 2507 653 2584 parte
667 2497 759 2562 simili
775 2498 872 2562 modo
888 2498 1038 2582 cooperta
1059 2499 1142 2576 cersi,
1157 2498 1310 2562 formabis
1330 2499 1366 2563 in

267 2599 398 2688 singulis
413 2601 522 2687 spatiis
546 2602 686 2687 singulas
702 2600 856 2687 imagines
880 2601 1106 2686 prophetarum
1122 2621 1194 2663 cum
1212 2599 1277 2663 suis
1292 2600 1367 2663 bre·

267 2703 369 2783 ribus,
385 2712 416 2767 et
430 2704 555 2790 aptabis
570 2703 737 2791 unicuique
752 2702 896 2788 apostolo
912 2701 1152 2764 convenientem
1164 2699 1366 2786 prophetam,

266 2809 302 2865 ut
316 2803 497 2867 testimonia
511 2825 630 2882 eorum,
647 2827 718 2890 quae
733 2802 881 2868 brevibus
896 2811 970 2866 sunt
983 2803 1194 2882 inscribenda,
1211 2803 1272 2868 sibi
1286 2825 1366 2868 con-

267 2903 423 2982 cordent.)
468 2903 562 2970 Circa
576 2905 746 2991 prophetas
758 2927 833 2969 vero
848 2926 912 2969 non
922 2903 1019 2968 facies
1033 2915 1151 2991 portas,
1167 2905 1223 2973 scd
1238 2913 1366 2969 tantum

267 3003 492 3088 spatiosarum
507 3005 571 3070 sint
592 3007 821 3093 quadrangula,
835 3015 867 3072 et
886 3007 918 3068 in
934 3006 1039 3070 limbis
1054 3027 1147 3092 super
1169 3007 1274 3094 capita
1288 3007 1367 3072 scri-

267 3103 385 3170 bantur
409 3128 518 3172 eorum
543 3107 682 3173 nomina.
728 3108 840 3174 Facies
864 3131 991 3196 quoque
1017 3110 1050 3172 in
1075 3110 1200 3195 angulis
1229 3117 1367 3196 quatuor

267 3215 368 3274 turres
384 3209 546 3298 inquibus
570 3221 691 3276 catenae
706 3212 869 3275 firmentur
884 3220 920 3274 ut
938 3210 1151 3296 superioribus
1166 3221 1365 3298 coaptentur.

270 3311 309 3376 ln
326 3313 462 3378 inferiori
477 3335 551 3379 vero
576 3314 711 3379 rotundo
727 3313 830 3400 spatio
845 3313 941 3377 facies
966 3313 1099 3377 circulos
1114 3322 1193 3400 quot
1217 3313 1366 3400 potueris,

269 3414 318 3478 vel
338 3415 483 3496 volueris,
505 3418 537 3480 in
561 3417 676 3503 quibus
700 3414 851 3479 formabis
875 3415 1016 3501 singulas
1041 3415 1197 3502 imagines
1215 3416 1367 3479 virtutum

269 3515 427 3596 dimidias,
443 3519 547 3604 specie
569 3517 720 3584 femininis
734 3537 867 3602 quarum
891 3515 1022 3581 nomina
1044 3517 1162 3581 scribes
1183 3516 1217 3580 in
1231 3517 1366 3582 circulis.

269 3615 320 3679 Ad
336 3627 531 3701 postremum
547 3629 653 3684 autem
667 3619 700 3681 in
715 3618 815 3683 fundo
830 3618 981 3683 formabis
996 3620 1109 3706 pedem
1125 3629 1158 3684 et
1172 3620 1323 3697 tornabis,
1335 3629 1369 3684 et

270 3717 378 3783 omnia
394 3721 496 3806 spatia
510 3721 594 3787 circa
617 3721 772 3808 imagines
788 3721 931 3806 superius
945 3729 978 3785 et
1001 3721 1129 3785 inferius
1151 3729 1244 3786 amnt
1264 3729 1369 3786 trans·

270 3821 382 3887 forata.
430 3823 555 3888 Deinde
570 3824 738 3910 unicuique
749 3823 831 3909 parti
847 3823 911 3886 suis
926 3821 1086 3886 infusoriis
1096 3833 1190 3910 atque
1205 3823 1370 3910 spiraculis

270 3923 424 4012 inpositis,
437 3927 643 3992 circumlinies
658 3926 825 4012 diligenter
837 3925 980 4010 argillam
990 3935 1118 3989 tenuem
1134 3936 1166 3991 et
1180 3927 1315 3992 siccabis
1326 3929 1370 3992 ad

270 4029 380 4110 solem,
392 4051 579 4116 rursumque
592 4039 623 4092 et
631 4028 723 4092 tertio
732 4028 828 4092 facies
839 4027 992 4108 similiter,
1016 4051 1087 4115 quae
1099 4025 1203 4115 partes
1215 4039 1372 4094 vocantur

301 4262 308 4292 ¹
327 4267 418 4314 Eadem
431 4266 496 4313 rerba
508 4271 527 4312 ct
542 4263 659 4326 sequestra
676 4277 743 4324 aspere
759 4263 793 4310 nd
808 4264 824 4288 “
833 4261 876 4310 ribi
893 4264 1029 4312 concordant
1039 4263 1052 4284 ”
1064 4265 1148 4313 orrtr'm't
1161 4266 1217 4313 Cod.
1230 4265 1302 4313 Harl.
1316 4268 1370 4314 Ad-

269 4347 374 4396 diuinas
386 4365 412 4398 aa
424 4349 480 4397 uod.
494 4346 591 4408 Guelpl.
