3216 5138
318 521 375 584 134
469 593 476 602 ‚
659 535 849 582 unisonum
874 537 979 582 unns
1002 539 1040 582 u.

313 691 437 777 aliaque
462 691 595 770 minuta,
610 713 681 777 quae
703 690 870 768 volueriut,
886 711 980 775 opere
1002 689 1090 754 vario
1113 689 1195 754 inter
1209 690 1354 769 circulos,
1377 699 1410 754 et

312 793 443 856 limbum
471 793 554 857 circe
579 814 686 871 oram3
710 801 743 855 et
759 792 821 856 hoe
841 793 1040 856 mediocriter
1064 793 1213 878 spissum,
1236 799 1410 879 coquentes

233 963 237 970 ,
312 895 344 959 in
359 895 451 959 furno
467 895 577 960 ordine
598 917 663 981 quo
678 916 783 980 supro.
830 893 966 959 Faciunt
992 917 1119 981 quoque
1142 894 1266 981 cyphos
1281 915 1321 958 ex
1336 915 1410 979 pur-

311 1021 391 1083 pura
406 999 473 1060 sive
495 997 555 1061 levi
571 996 708 1084 saphiro,
724 1009 757 1061 et
770 997 1076 1082 tielasgmediocriter
1098 1003 1229 1061 extento
1245 996 1327 1060 collo
1350 996 1410 1059 cir-

312 1100 497 1163 cumdantes
522 1099 582 1164 filis
606 1121 646 1164 ex
669 1100 743 1164 albo
759 1099 840 1164 vitro
865 1099 967 1178 factis,
989 1121 1028 1163 ex
1055 1098 1169 1164 eodem
1193 1119 1288 1162 ansas
1307 1097 1410 1182 impo-

312 1210 432 1265 nentes.
479 1199 531 1265 Ex
557 1202 626 1267 aliis
650 1203 744 1266 etiam
769 1202 927 1268 coloribus
952 1201 1074 1266 verisnt
1088 1201 1212 1266 diverso
1233 1219 1329 1285 opera
1351 1221 1411 1264 sua

314 1323 369 1388 pro
384 1304 476 1369 libitu
491 1325 559 1369 suo.

643 1842 883 1940 CAPUT
945 1841 1052 1938 XV

397 2083 442 2126 DE
466 2081 569 2126 vluno
592 2082 723 2142 onch,
746 2083 842 2134 QUOD
867 2083 1024 2126 MUSIVUM
1049 2082 1134 2128 OPUS
1158 2081 1326 2127 Ducosns.

317 2219 561 2400 VITRE'AS
577 2250 671 2315 etiam
689 2249 813 2316 tabulas
829 2250 949 2316 faciunt
970 2272 1064 2337 opere
1080 2250 1264 2314 fenestrario
1280 2271 1319 2312 ex
1335 2248 1411 2312 albo

397 2353 476 2418 vitro
491 2353 606 2432 lucid0,
622 2354 739 2441 spissas
760 2354 801 2418 nd
825 2375 1005 2418 mensuram
1022 2350 1113 2417 unius
1135 2352 1237 2439 digiti,
1252 2350 1410 2414 findentes

314 2479 367 2521 eas
376 2457 479 2521 solido
492 2456 574 2522 ferro
587 2477 642 2542 per
653 2457 789 2544 quadras
802 2456 971 2543 particulas
981 2457 1169 2535 minutas,et
1178 2451 1411 2539 cooperientes

313 2581 368 2623 eas
383 2559 415 2622 in
431 2581 496 2622 uno
512 2559 610 2623 latere
619 2560 686 2623 euri
703 2560 818 2646 petuis,
831 2557 1037 2646 superliniunt
1052 2557 1167 2621 vitrum
1182 2553 1411 2620 lucidissimum

314 2663 418 2724 tritum
445 2671 480 2726 ut
501 2683 606 2748 supra.
652 2659 845 2748 Hujusmodi
870 2661 983 2724 vitrum
1007 2661 1225 2746 interpositum
1252 2657 1411 2722 musivum

315 2786 395 2849 opus
411 2765 541 2830 omnino
556 2764 696 2829 decorat.

645 3293 885 3392 CAPUT
945 3293 1086 3389 XVL

378 3535 423 3578 Du
447 3535 541 3578 vnsls
564 3531 754 3578 nc'rlmnus
778 3531 924 3578 munseo
948 3533 1079 3577 COLORB
1100 3531 1196 3578 vium
1221 3534 1338 3578 Plouls.

375 3699 605 3766 CUTELLAS
629 3724 755 3787 quoque
777 3701 888 3765 fictiles
908 3709 940 3764 et
963 3699 1123 3764 naviculas
1139 3700 1269 3780 faciunt,
1284 3701 1410 3788 alisque

390 3827 466 3870 vasa
481 3803 597 3884 fictilia,
614 3805 779 3892 pingentes
802 3825 840 3868 es
854 3801 916 3868 hoe
931 3803 1038 3868 modo.
1082 3802 1252 3889 Accipiunt
1265 3805 1410 3869 omnium

314 3927 432 3994 genera
446 3909 597 3987 colomm,
610 3916 746 3973 terentes
758 3928 795 3971 ea
805 3906 986 3993 singillatim
998 3928 1071 3972 cum
1082 3927 1175 3994 aqua,
1190 3915 1223 3970 et
1237 3907 1279 3971 od
1295 3929 1410 3972 unum·

315 4031 472 4097 quemque
498 4009 636 4074 colorem
661 4009 829 4074 miscentes
853 4010 997 4096 ejusdem
1024 4007 1137 4074 coloris
1153 4007 1268 4072 vitrum
1295 4031 1351 4094 per
1375 4031 1411 4074 se

314 4112 524 4176 minutissime
538 4112 648 4175 tritum
665 4134 736 4175 eum
752 4133 845 4198 aqua,
862 4112 1004 4197 quintam
1027 4119 1160 4197 partem,
1176 4110 1250 4175 inde
1273 4111 1411 4198 pingunt

315 4218 447 4282 circulos
474 4217 539 4280 sive
566 4237 657 4280 arcus
685 4216 734 4278 vel
756 4213 1004 4302 quadrangulos,
1020 4225 1053 4279 et
1074 4214 1106 4276 in
1128 4213 1173 4277 eis
1197 4214 1325 4294 bestius,
1355 4224 1412 4278 aut

314 4341 397 4398 aves,
414 4319 479 4382 sive
502 4317 577 4381 folia
599 4317 647 4382 vei
670 4315 752 4380 aliud
775 4316 998 4404 quodcumque
1022 4316 1183 4380 voluerint.
1232 4313 1410 4402 Postquam

314 4444 388 4486 vero
401 4417 468 4508 ipsa
485 4441 560 4484 vasa
575 4419 629 4484 teli
647 4419 742 4483 niodo
758 4417 883 4506 depicta
898 4419 1023 4500 suerint,
1036 4418 1166 4483 mittunt
1181 4440 1220 4482 ea
1236 4420 1268 4482 in
1284 4420 1411 4483 turnum
