3228 5134
306 501 349 565 m
668 521 857 564 rnnorninr
882 521 984 564 tinen
1010 523 1032 564 i.

302 671 409 734 addito
425 671 550 734 modico
573 671 664 757 nigro
686 684 718 734 et
740 693 844 736 succo.
891 672 965 747 Quo
987 671 1092 734 colore
1113 671 1284 756 pinguntur
1299 671 1394 735 etiam

300 783 382 837 terra
396 781 428 836 et
443 781 575 838 montes.
615 773 711 838 Fiunt
725 775 819 837 etiam
835 783 917 837 terra
931 781 964 837 et
979 780 1103 836 montes
1118 791 1158 836 ex
1170 772 1261 836 viridi
1274 781 1307 837 et
1321 773 1395 837 albo

300 875 368 938 sine
382 896 488 955 succe,
503 875 548 938 ita
562 885 597 938 ut
613 874 740 940 interius
756 875 797 940 sit
811 876 973 962 pallidum,
988 875 1125 938 exterius
1146 873 1252 939 trehet
1265 874 1396 937 umbras

301 978 417 1041 mixtas
431 999 504 1041 eum
523 976 647 1043 modico
668 978 768 1064 nigro.
816 977 938 1042 Omnes
960 977 1094 1053 colores,
1110 977 1164 1063 qui
1187 976 1257 1040 nliis
1278 997 1396 1061 suppo-

301 1089 418 1143 nuntur
439 1078 472 1142 iu
494 1101 595 1157 muro,
619 1081 705 1143 culce
727 1079 918 1143 misceantur
942 1089 1070 1166 propter
1092 1078 1284 1142 firmitatem.
1328 1075 1397 1140 Sub

300 1182 385 1244 lazur
406 1191 439 1244 et
460 1183 580 1245 manisc
603 1191 635 1246 et
656 1182 716 1246 sub
736 1181 826 1245 viridi
846 1190 981 1267 ponatur
1001 1181 1142 1260 reneda;
1165 1180 1225 1244 sub
1247 1177 1397 1244 oenobrio

301 1283 453 1363 rubeum3
476 1285 536 1348 sub
550 1305 630 1370 ogra
645 1293 676 1346 et
692 1284 766 1347 folio
782 1283 877 1347 iidem
891 1282 1012 1346 colores
1024 1283 1112 1346 culce
1128 1282 1229 1345 mixti.

817 1583 895 1589 ...---.
909 1583 946 1588 tn.
970 1583 988 1588 .-
1002 1581 1114 1589 -----.—.-

606 1833 838 1931 CAPUT
895 1833 1070 1929 XVII.

318 2069 363 2112 DE
385 2069 530 2112 TABULIS
554 2069 733 2114 ALTARIUM
758 2069 799 2112 ΕΤ
822 2069 1008 2128 osmondus,
1033 2069 1075 2111 Er
1098 2066 1249 2110 uturum
1271 2065 1380 2109 cnsm.

376 2231 544 2296 ABULAE
569 2233 712 2298 altarium
739 2235 805 2298 sive
831 2235 982 2298 ostiomm
1015 2233 1150 2319 primum
1184 2231 1394 2316 particulatim

389 2338 623 2422 conjungantur
633 2337 793 2422 junctorio
813 2337 1033 2416 instrumente,
1047 2358 1111 2422 quo
1126 2343 1258 2398 utuntur
1273 2333 1395 2398 doliarii

300 2437 366 2502 sive
388 2437 526 2502 tornarii.
573 2437 699 2502 Deinde
722 2447 953 2523 componantur
975 2437 1095 2524 glutine
1117 2436 1212 2515 casei,
1227 2435 1313 2522 quod
1334 2436 1395 2499 hoc

301 2541 399 2605 modo
414 2539 460 2603 fit
513 2539 635 2604 Caseus
655 2539 758 2604 mollis
779 2539 958 2603 minutatim
977 2537 1131 2602 incidatur
1147 2546 1179 2600 et
1194 2559 1276 2623 aqua
1292 2537 1395 2602 calida

302 2643 334 2706 in
349 2643 529 2708 mortariolo
549 2664 622 2706 eum
638 2643 701 2728 pila
715 2642 836 2706 tamdiu
857 2643 989 2720 lavetur,
1005 2639 1128 2703 donee¹
1145 2638 1324 2702 multotiens
1347 2638 1395 2701 in-

303 2744 373 2807 fusa
393 2765 472 2829 pura
486 2744 559 2808 inde
581 2754 682 2809 exeat.
730 2743 856 2808 Deinde
870 2744 955 2807 idem
977 2764 1088 2806 caseus
1103 2748 1284 2805 attenuatus
1298 2763 1395 2805 manu

303 2844 444 2906 mittatur
466 2843 500 2907 in
528 2845 675 2930 frigidam
701 2867 818 2931 uquam
844 2845 946 2908 donec
973 2845 1165 2908 indurescat.
1222 2840 1303 2906 Post
1328 2843 1395 2908 hmc

301 2951 420 3007 teratur
448 2945 656 3009 minutissime
683 2969 777 3032 super
808 2947 946 3031 lignenm
972 2946 1113 3009 tabulam
1143 2945 1296 3031 equalem
1322 2968 1395 3010 eum

302 3043 399 3107 altero
425 3043 521 3130 ligno,
546 3046 652 3132 sicque
679 3067 802 3109 rursum
829 3045 970 3109 mittatur
995 3046 1028 3109 in
1054 3045 1237 3110 mortarium
1264 3057 1296 3110 et
1322 3071 1395 3112 cum

300 3143 363 3230 pilu
385 3143 550 3230 diligenter
570 3145 725 3211 tundatur
746 3147 855 3212 addita
877 3169 960 3233 aqua
982 3169 1055 3211 curn
1078 3147 1150 3211 vive
1176 3149 1262 3212 calce
1285 3151 1395 3230 mixte,

303 3245 405 3310 donee
426 3247 472 3310 sic
494 3249 628 3335 spissum
651 3251 719 3330 fiat,
741 3260 778 3314 ut
800 3258 873 3315 sunt
896 3250 988 3314 feces.
1045 3248 1118 3314 Hoc
1141 3251 1260 3336 glutine
1281 3253 1396 3318 tnbulae

303 3348 437 3411 ulturum
453 3351 683 3438 eonpeginatae,
693 3360 864 3439 postquam
879 3353 1045 3433 siccantur,
1056 3351 1099 3416 ita
1110 3351 1169 3416 sibi
1180 3353 1352 3435 adhaerent,
1361 3365 1396 3419 ut

302 3469 362 3514 nee
376 3449 508 3515 humore
523 3475 581 3516 nec
596 3455 700 3518 calore
716 3454 855 3541 disjungi
872 3455 1004 3541 possint.
1052 3454 1264 3520 Postmodum
1280 3458 1396 3544 aequari
1473 3517 1478 3524 .

301 3549 419 3615 debent
447 3553 624 3637 planatorio
654 3556 745 3635 ferro,
770 3556 856 3643 quod
887 3576 1018 3619 curvum
1048 3565 1080 3619 et
1108 3557 1238 3621 interius
1267 3567 1395 3624 acutum

301 3651 398 3717 habet
426 3653 489 3718 duo
513 3658 688 3737 manubria,
711 3667 748 3721 ut
782 3680 821 3721 ex
853 3666 986 3745 utraque
1016 3680 1113 3721 manu
1137 3659 1289 3736 trahatur,
1312 3659 1394 3723 unde

301 3756 454 3819 reduntur
477 3757 568 3838 ostia,
593 3767 627 3822 et
648 3769 748 3840 scuta,
773 3761 875 3824 donee
901 3761 1030 3823 omnino
1056 3759 1135 3822 fiunt
1163 3761 1268 3846 plena.
1314 3759 1395 3824 Inde

300 3861 519 3946 cooperiantur
541 3861 638 3926 crudo
661 3863 747 3926 corio
769 3861 851 3950 equi,
867 3861 916 3925 vel
930 3861 1020 3940 asini,
1037 3861 1121 3947 quod
1138 3881 1221 3946 aqua
1236 3859 1394 3924 madefac-

299 3970 377 4040 tum,
404 3963 511 4025 statim
541 3971 576 4026 ut
605 3965 659 4050 pili
690 3965 805 4029 luerint
834 3963 925 4043 erasi,
951 3984 1034 4050 aqua
1064 3961 1259 4046 aliquantum
1288 3967 1393 4024 extor-

298 4071 441 4148 queatur,
456 4073 489 4129 et
502 4065 546 4129 ite
560 4065 724 4131 humidum
740 4089 812 4131 cum
828 4066 947 4152 glutine
962 4063 1045 4128 casei
1061 4071 1299 4148 superponatur.

560 4253 567 4282 ¹
579 4269 646 4316 uque,
657 4257 686 4303 ἐκ
696 4257 780 4304 mir
790 4255 896 4304 omnibu
908 4255 983 4301 MSS.
994 4252 1102 4299 additur.
