3140 5152
299 479 364 542 350
645 497 838 542 ranornrnr
864 497 967 540 arara
991 497 1043 540 nr.

301 659 399 735 caput
415 647 586 714 rotundum
608 649 640 712 in
657 648 787 712 modum
802 647 870 726 ori,·
886 657 920 712 et
933 647 1068 712 caudam
1091 649 1222 733 longam
1238 645 1407 732 gracilem,

300 775 372 838 quaa
391 752 570 836 imponatur
585 750 761 829 manubrio,
777 749 880 837 aitque
896 751 992 836 juxta
1005 757 1101 836 caput
1115 749 1241 816 modice
1256 769 1406 838 curvum,

301 875 374 918 cum
388 875 453 940 quo
468 853 632 931 calefacto,
651 853 819 918 combures
840 853 996 918 foramina
1017 852 1146 918 interius
1165 853 1199 916 in
1219 859 1406 924 curvatura,

301 956 403 1021 donec
425 955 485 1020 eibi
511 954 673 1040 aqualiter
695 953 897 1020 conveniant.
942 954 1018 1029 Quo
1044 956 1141 1034 facto,
1166 955 1270 1019 incide
1294 955 1405 1039 ipsum

301 1057 442 1144 lignum¹
468 1056 620 1144 quadrico
644 1067 773 1135 statum,
804 1057 847 1120 ita
870 1065 906 1120 ut
929 1057 961 1122 in
989 1079 1181 1144 unoquoque
1208 1059 1308 1122 latere
1335 1077 1406 1120 uno

303 1161 408 1246 palmo
433 1160 532 1224 latum
556 1161 606 1240 ait,
632 1160 672 1224 ad
697 1181 875 1224 mensuram
902 1157 1079 1224 conflatorii
1104 1160 1137 1223 in
1161 1160 1276 1224 obtusa
1301 1168 1406 1244 parte.

304 1261 385 1326 Post
401 1262 470 1324 haec
492 1262 651 1347 conjunge
672 1261 774 1346 ipsum
795 1261 916 1347 lignum
931 1260 964 1324 in
987 1262 1121 1347 longiori
1141 1271 1242 1346 parte,
1264 1262 1306 1325 ad
1322 1261 1407 1325 infe-

302 1365 365 1429 rius
381 1365 522 1430 foramen
538 1365 652 1428 domus
667 1365 851 1448 organariae,
875 1366 919 1428 ita
934 1373 968 1428 ut
983 1364 1084 1428 eidem
1104 1365 1191 1450 ligno
1206 1365 1309 1428 cauda
1325 1365 1407 1428 inci-

303 1467 405 1544 datur,
429 1467 521 1531 unius
543 1466 665 1554 pollicis
687 1467 792 1552 longa,
815 1489 887 1552 quae
902 1466 961 1552 ipsi
985 1466 1131 1531 foramini
1154 1467 1336 1553 inponatur,
1352 1469 1405 1530 rel

303 1569 463 1646 inferatur,
486 1578 518 1632 et
535 1569 684 1653 junctura
707 1579 772 1632 tam
795 1568 925 1632 subtiles
949 1569 999 1646 sit,
1030 1580 1065 1632 ut
1087 1569 1181 1632 nichil
1204 1568 1299 1632 flatus
1322 1569 1407 1630 inter

305 1693 375 1735 earn
399 1672 483 1736 exire
505 1681 619 1756 quaeat.
671 1671 810 1734 Alteram
834 1690 909 1734 vero
932 1671 1069 1734 frontem
1091 1672 1265 1756 conjunges
1287 1671 1406 1734 eodem

305 1773 453 1838 modoad
469 1773 700 1851 conflatorium,
712 1781 745 1836 et
759 1771 861 1857 ipsum
878 1773 999 1858 lignum
1015 1773 1135 1858 glutine
1150 1773 1235 1836 cnaei
1249 1772 1405 1846 firmabis,

306 1885 401 1960 atque
423 1875 649 1938 circumvolves
672 1896 780 1959 panno
803 1883 906 1938 totum
929 1875 1051 1960 lignum
1074 1897 1146 1939 cum
1165 1877 1326 1961 junctura,
1352 1877 1404 1938 cui

304 1977 399 2042 etiam
424 1976 624 2060 circumligari
646 1997 778 2061 cuprum
800 1978 900 2041 latum
922 1977 1009 2064 quod
1032 1978 1193 2064 utriusque
1214 1977 1291 2062 ligni
1313 1999 1404 2040 oram

305 2078 419 2164 capiat.
466 2075 526 2140 His
542 2077 582 2140 ita
599 2077 774 2162 completis,
797 2080 824 2143 si
840 2079 975 2144 volucria
991 2101 1110 2166 organa
1133 2080 1216 2144 ultra
1234 2081 1405 2144 maceriam

306 2181 387 2246 muri
397 2179 546 2257 stabilire,
557 2179 602 2244 ita
613 2189 648 2243 ut
657 2179 738 2244 infra
748 2183 972 2246 monasterium
987 2181 1082 2246 nichil
1094 2193 1257 2268 appareat,
1266 2182 1325 2246 nisi
1335 2185 1406 2246 sola

307 2285 510 2350 domnacum
526 2282 650 2362 fistulis,
670 2292 702 2346 et
722 2305 760 2346 ex
777 2283 875 2348 altera
891 2293 979 2368 parte
1001 2285 1080 2348 mun'
1098 2285 1187 2348 folles
1204 2286 1344 2370 jaceant,
1358 2285 1404 2350 ita

307 2385 465 2474 oportebit
479 2394 511 2450 te
527 2385 629 2470 ipsam
650 2385 781 2448 domum
804 2395 988 2450 convertere
1003 2397 1039 2450 ut
1053 2387 1167 2472 linguar
1190 2409 1298 2452 versus
1314 2387 1405 2453 folles

307 2489 521 2566 extrahantur,
544 2489 624 2551 etin
644 2488 713 2572 ipso
729 2509 819 2552 muro
842 2509 933 2552 arcus
949 2489 1005 2553 frat
1019 2490 1051 2554 in
1066 2513 1130 2576 qno
1153 2501 1263 2556 cautor
1285 2491 1405 2566 sedeat,

307 2593 397 2678 eujus
420 2592 511 2656 aedes
534 2590 578 2654 ita
600 2599 735 2675 aptetur,
758 2599 794 2654 ut
809 2591 906 2676 pedes
927 2613 1022 2676 supra
1045 2591 1265 2658 conflatorium
1287 2603 1405 2657 teneat.

309 2694 369 2760 Eat
384 2703 488 2759 autem
505 2693 648 2776 foramen
663 2693 820 2779 quadrum
836 2691 868 2754 in
885 2691 990 2756 medio
1014 2715 1106 2758 arcus
1121 2703 1210 2760 trans
1225 2696 1405 2772 maceriam,

308 2817 364 2880 per
377 2795 464 2882 quod
480 2796 596 2860 domus
612 2817 684 2860 cnm
701 2795 813 2858 fistulis
828 2795 1015 2879 exponitur;
1040 2805 1073 2858 et
1087 2817 1181 2880 super
1195 2798 1311 2862 collum
1325 2819 1406 2862 con·

308 2898 432 2976 flatorii,
457 2899 542 2984 quod
569 2899 601 2960 in
628 2919 718 2961 muro
744 2898 826 2960 infra
853 2897 994 2962 foramen
1020 2898 1176 2984 lapidibus
1202 2899 1405 2965 obfirmatum

308 3008 367 3076 est,
390 2999 420 3060 in
437 3021 494 3062 aua
508 3000 663 3083 vjunctura
686 2999 814 3078 sistitur,
837 3009 933 3085 atque
955 3021 1049 3085 super
1064 3002 1145 3066 duos
1166 3002 1273 3066 claron
1288 3003 1406 3068 ferreos

215 3131 223 3140 ·
309 3101 470 3186 aequaliter
484 3100 515 3162 in
529 3123 618 3164 muro
633 3102 777 3164 confixos
794 3101 911 3181 nititur,
926 3101 977 3165 cui
993 3103 1138 3166 foramini
1151 3105 1286 3170 fenestra
1301 3105 1406 3192 lignea

309 3203 478 3290 appendet,
509 3226 580 3291 quae
608 3203 684 3266 dum
715 3205 833 3282 clausa,
861 3227 930 3270 sera
960 3217 992 3270 et
1020 3207 1108 3270 clare
1138 3209 1286 3287 munitur,
1311 3231 1405 3274 nemo

310 3306 436 3391 ignotus
448 3307 670 3392 superveniens
682 3328 895 3391 congnoscere
911 3308 995 3370 valet
1007 3308 1082 3394 quid
1099 3309 1130 3372 in
1146 3331 1184 3374 ea
1199 3311 1405 3400 contineatur.

312 3407 462 3474 Exterius
477 3431 614 3496 quoque,
639 3431 731 3494 anper
747 3430 877 3494 organa,
898 3431 1021 3494 pannus
1036 3411 1155 3496 spissus
1169 3413 1263 3498 lignis
1278 3413 1406 3478 interius

311 3519 470 3588 extensus,
501 3510 534 3572 in
558 3511 686 3573 modum
710 3511 919 3589 domunculae,
947 3533 966 3576 a
989 3513 1127 3599 laqueari
1150 3515 1181 3576 in
1205 3515 1342 3580 funiculo
1364 3516 1406 3580 ad

311 3612 481 3674 arcendum
509 3612 674 3696 pulverem'
698 3613 885 3695 dependeat,
912 3615 965 3700 qui
998 3615 1154 3680 funiculus
1183 3639 1276 3702 snper
1301 3619 1406 3702 ipsum

311 3714 439 3798 laquear
463 3713 545 3776 circa
569 3713 703 3776 rotulam
728 3724 794 3778 arte
820 3717 1022 3801 compositus,
1050 3718 1126 3782 dum
1147 3720 1338 3784 cantandum
1359 3731 1407 3784 eat

313 3816 439 3900 organis
452 3814 592 3894 trahitur,
605 3826 637 3878 et
651 3815 876 3880 domunculam
892 3819 1004 3896 elevat,
1017 3819 1169 3907 finitoque
1185 3833 1289 3900 cantu,
1301 3822 1406 3888 denuo

779 3987 783 4012 ¹
804 3986 930 4046 qundrntdl
