3150 5140
295 463 359 526 278
646 483 838 527 rusorsrur
862 485 967 528 mssa
989 485 1043 528 111.

295 633 435 696 foramen
457 633 489 695 in
511 634 614 699 medio
637 643 788 720 appareat
802 657 858 720 per
876 636 962 721 quod
979 635 1080 721 possit
1100 637 1231 717 sufflari,
1251 648 1287 702 ut
1308 640 1404 703 calor

296 735 438 821 superius
452 743 486 798 et
499 735 628 800 inferius
647 737 776 823 aequalis
796 737 845 801 sit.
891 736 1039 824 Cumque
1054 737 1170 803 videris
1186 740 1405 803 solidatorum

296 835 523 917 circumfluere,
543 846 575 901 et
590 840 680 926 quasi
695 840 787 902 tertio
808 840 971 918 inundare,
990 861 1123 926 asperge
1145 841 1311 920 diligenter
1326 864 1405 905 mo-

297 937 371 1002 dict
393 939 487 1024 aqud,
512 949 544 1003 et
567 941 682 1005 eiciens
704 944 775 1006 lava
798 954 830 1007 et
852 943 946 1022 sicca,
972 965 1159 1030 rursumque
1178 945 1274 1007 simili
1299 946 1404 1010 modo

298 1039 411 1119 solida,
423 1049 455 1104 et
469 1043 590 1105 tamdiu
605 1045 708 1108 donec
719 1045 898 1110 firmissime
918 1046 1086 1110 adhaereat.
1133 1045 1404 1134 Conversumque

297 1162 353 1205 vas
380 1143 412 1204 in
432 1143 563 1208 alteram
586 1157 719 1231 partem,
744 1169 853 1234 parem
874 1149 1045 1213 auriculam
1064 1149 1177 1213 eodem
1200 1149 1299 1213 modo
1320 1171 1404 1213 con·

292 1243 394 1332 junge
409 1254 442 1308 et
457 1246 568 1311 solide.

621 1776 850 1874 CAPUT
906 1780 1044 1876 LIV.

731 2013 777 2055 DE
801 2013 962 2059 ELBOTRO·

382 2177 445 2244 UO
462 2179 547 2242 facto
562 2178 637 2241 tolle
660 2187 782 2263 partem
801 2179 867 2242 auri
887 2188 1013 2244 tenuem
1029 2190 1061 2246 et
1075 2183 1233 2270 conjunge
1248 2181 1290 2245 ad
1306 2203 1397 2245 oram

403 2281 487 2345 vasis
502 2279 705 2366 superiorem,
718 2290 814 2367 atque
826 2282 935 2347 metire
950 2283 991 2346 ab
1006 2305 1069 2347 una
1084 2287 1223 2349 auricula
1238 2305 1339 2370 usque
1354 2283 1396 2345 ad

299 2388 456 2465 alteram;
491 2405 561 2470 quae
591 2381 674 2468 pars¹
705 2382 878 2447 latitudinis
909 2384 959 2463 sit,
988 2395 1108 2471 quanta
1137 2396 1186 2449 est
1215 2385 1396 2472 grossitudo

298 2491 449 2577 lapidum,
474 2509 555 2576 quos
582 2487 742 2571 imponere
768 2487 922 2568 volueris;
953 2498 985 2551 et
1009 2490 1170 2553 collocans
1196 2511 1252 2554 eos
1277 2489 1310 2551 in
1336 2511 1396 2552 suo

299 2594 419 2671 ordine,
435 2591 481 2655 sic
498 2590 651 2675 dispone3
675 2588 708 2650 in
723 2588 831 2674 primis
855 2597 917 2653 stet
940 2611 1023 2653 unus
1047 2591 1127 2676 lapis
1151 2601 1287 2678 quatuor
1311 2612 1396 2654 mar-

298 2695 407 2782 garitis
431 2694 464 2757 in
487 2691 611 2777 angulis
633 2689 756 2776 positis,
772 2691 886 2754 deinde
910 2692 1071 2772 electrum,
1091 2695 1185 2779 juxte
1207 2692 1293 2781 quod
1315 2693 1397 2778 lapis

298 2820 369 2862 cum
385 2793 572 2880 margaritis,
585 2815 770 2879 rursumque
782 2793 943 2873 electrum,
955 2794 1064 2881 sicque
1078 2795 1239 2859 ordinabis
1254 2804 1290 2858 ut
1300 2795 1397 2880 juxta

300 2896 455 2961 auriculas
471 2917 596 2980 semper
609 2895 730 2979 lapides
743 2905 836 2974 stent,
845 2917 979 2982 quorum
991 2897 1199 2960 domunculas
1210 2905 1243 2959 et
1254 2917 1396 2983 campos,

299 3019 415 3083 easque
433 2997 651 3076 domunculas,
666 2997 699 3060 in
720 2997 835 3084 quibus
857 2999 1015 3062 electrum·
1029 2999 1211 3083 ponendum
1233 3007 1291 3077 est,
1307 3021 1397 3062 com-

299 3121 399 3187 pones
414 3108 446 3163 et
461 3098 611 3164 solidabis
626 3099 735 3164 ordine
751 3123 814 3186 quo
830 3122 934 3186 supra.
982 3099 1026 3163 Et
1044 3099 1077 3162 in
1095 3101 1193 3164 altera
1208 3110 1296 3186 parte
1311 3103 1396 3166 rasis

299 3201 439 3268 similiter
454 3200 559 3265 facies.
605 3199 639 3264 Si
655 3223 729 3266 vero
745 3203 881 3266 volueris
900 3202 933 3264 in
954 3203 1057 3266 medio
1072 3203 1188 3266 ventris
1204 3225 1347 3288 gemmas
1362 3213 1397 3268 et

298 3289 486 3392 margaritas
501 3326 627 3389 ponere,
639 3305 752 3370 eodem
769 3305 865 3368 modo
881 3304 986 3368 facies.
1032 3302 1106 3379 Quo
1119 3303 1204 3368 facto
1219 3305 1395 3390 conjunges

298 3429 353 3471 eas
368 3417 400 3471 et
416 3406 566 3471 solidabis
582 3407 662 3470 sicut
677 3409 843 3472 auriculas.
881 3405 962 3470 Post
976 3406 1044 3470 haec
1054 3405 1087 3469 in
1099 3406 1246 3470 omnibus
1259 3407 1395 3470 domun-

299 3509 388 3587 culiS,
418 3510 450 3572 in
478 3509 592 3595 quibus
617 3511 733 3573 electra
763 3509 910 3595 ponenda
939 3519 1023 3586 sunt,
1053 3507 1217 3592 coaptabis
1253 3508 1395 3594 singulas

300 3619 405 3695 partes
420 3611 487 3672 auri
501 3619 621 3689 tenues,
637 3612 886 3697 conjunctasqne
901 3610 1066 3696 diligenter
1083 3609 1186 3689 eicies,
1202 3618 1298 3696 atque
1318 3633 1394 3675 cum

300 3732 447 3774 mensura
462 3721 494 3774 et
508 3713 615 3797 regula
629 3712 749 3776 incides
765 3712 964 3798 corrigiolam
980 3713 1046 3775 auri
1061 3712 1148 3797 quod
1164 3713 1394 3798 aliquantulum

299 3811 340 3876 sit
364 3812 503 3897 spissius,
529 3823 562 3876 et
587 3814 792 3900 complicabis
818 3836 872 3878 eas
898 3814 981 3878 circa
1007 3835 1095 3878 oram
1122 3815 1214 3878 unius
1240 3815 1393 3902 cujusque

298 3915 396 4001 partis
426 3915 600 4002 dupliciter,
630 3917 675 3980 its
703 3924 739 3980 ut
770 3917 851 3980 inter
883 3916 968 4001 ipsas
1001 3916 1246 4002 corrigiunculas
1279 3919 1394 3982 subtile
1512 3935 1516 3946 ·

299 4017 436 4104 spatium
459 4019 500 4082 sit
521 4018 555 4081 in
577 4019 717 4097 circuitu,
732 4019 818 4104 quod
839 4019 975 4103 spatium
991 4029 1122 4082 vocatur
1140 4020 1257 4084 limbus
1278 4022 1392 4086 electri.

301 4119 427 4184 Deinde
448 4120 561 4186 elidem
582 4121 730 4184 mensurii
749 4130 844 4206 atque
865 4117 973 4206 regulis
994 4119 1112 4184 incides
1127 4123 1309 4208 corrigiolas
1324 4146 1393 4187 om-

298 4222 374 4288 nino
389 4223 581 4287 subtilissimi
598 4223 676 4300 auri,
691 4223 724 4283 in
740 4222 853 4308 quibus
874 4221 979 4286 subtili
997 4221 1115 4308 forcipe
1136 4226 1341 4310 cornplicabis
1362 4236 1394 4291 et

623 4423 629 4451 ¹
649 4427 801 4486 “unia,’'ra
814 4429 871 4476 coa.
884 4429 983 4492 eulpa.
