3168 5140
334 493 398 556 384
690 513 882 558 rusorrrrnr
907 515 1011 558 nrssu
1035 517 1087 560 111.

335 663 437 728 brium
466 665 600 752 simplex
624 663 757 751 qualiter
781 665 927 746 volueris,
958 675 992 730 et
1023 666 1198 732 secundum
1220 669 1424 754 quantitatem

333 767 402 852 ejus
418 765 468 832 lac
486 767 628 832 foramen
643 767 693 830 cui
713 767 856 832 cultellus
879 767 998 854 imponi
1020 767 1125 847 debet,
1149 779 1245 857 atque
1259 771 1425 857 injungeei

334 868 454 954 lignum
477 868 651 956 diligenter,
667 876 699 934 et
719 870 800 933 sicut
820 868 941 956 lignum
963 871 1134 936 formatum
1157 882 1215 950 est,
1230 873 1276 936 ita
1297 873 1348 936 sac
1366 872 1424 935 for-

335 971 413 1034 mari
435 970 570 1036 caudam
593 971 718 1036 cultelli.
766 972 891 1036 Deinde
914 982 980 1038 tere
1001 973 1076 1038 thus
1098 973 1237 1038 lucidum
1259 975 1293 1038 in
1315 973 1425 1037 tenuis·

334 1073 449 1137 simum
464 1075 635 1160 pulverem,
651 1083 683 1138 et
698 1074 771 1138 inde
786 1073 883 1161 imple
898 1075 1041 1141 foramen
1057 1076 1225 1161 manubrij,
1248 1085 1346 1162 atque
1360 1097 1425 1138 cum

333 1174 416 1238 liueo
432 1197 537 1262 pauno
549 1175 681 1242 humido
696 1175 821 1241 involve
831 1177 992 1241 cultellum
1002 1177 1098 1263 juxta
1112 1177 1248 1241 caudam
1260 1177 1424 1262 tripliciter,

333 1297 517 1364 ponensque
538 1287 613 1342 ante
630 1277 801 1358 Iomanem,
823 1279 943 1343 calefac
966 1278 1069 1366 ipsam
1084 1279 1221 1343 caudam
1241 1279 1346 1342 donec
1360 1299 1423 1341 mo-

333 1379 441 1444 dicdm
468 1381 648 1460 candescat,
679 1380 851 1466 statimque
878 1381 977 1467 infige
1008 1382 1173 1446 manubrio
1202 1381 1371 1465 diligenter
1394 1389 1425 1442 ut

333 1480 414 1546 bene
443 1483 662 1568 conjungatur,
692 1490 725 1546 et
754 1482 884 1548 firmiter
912 1483 1019 1548 stabit.
1076 1482 1173 1557 Quod
1204 1482 1229 1546 si
1260 1482 1423 1568 aliquando

334 1592 498 1664 vetustate,
514 1585 563 1650 vel
578 1584 711 1662 incurid,
731 1585 875 1648 cultellus
891 1585 1066 1670 frangatur,
1087 1586 1130 1649 ita
1145 1595 1180 1650 ut
1195 1586 1350 1672 particula
1364 1585 1423 1670 ejus

333 1695 423 1750 extra
437 1686 637 1751 manubrium
658 1685 804 1763 emineat,
820 1686 939 1750 calefac
960 1687 1110 1774 forcipem
1129 1686 1246 1772 serrarij
1263 1695 1360 1773 atque
1375 1685 1423 1748 ad·

332 1787 492 1871 prehende
517 1787 620 1874 ipsam
651 1787 787 1851 caudam
821 1795 853 1852 et
885 1789 1112 1875 aliquantisper
1140 1799 1223 1868 tene,
1250 1787 1354 1852 donec
1381 1787 1423 1850 in-

332 1889 480 1968 calescat,
496 1899 534 1952 et
542 1889 650 1953 statim
670 1889 810 1954 extrahe.
855 1889 939 1954 Cum
953 1891 1111 1976 sulphure,
1130 1912 1195 1976 quo
1211 1891 1296 1968 trito,
1318 1889 1422 1954 eodem

333 1989 430 2053 modo
449 1991 566 2054 firmari
585 1999 691 2078 potest
705 1992 862 2072 cultellus,
887 2015 950 2058 non
971 1993 1075 2058 solum
1091 1995 1124 2056 iu
1139 2015 1211 2057 osse
1230 1993 1286 2056 sed
1302 1993 1422 2056 induro

333 2090 431 2176 ligno.

616 2668 856 2768 CAPUT
921 2667 1141 2765 XCIII.

679 2923 725 2966 DE
748 2921 972 2967 RUBRICANDO
995 2919 1086 2964 ossx.

410 3103 460 3168 ST
489 3105 584 3168 etiam
610 3105 709 3168 herba
735 3103 859 3167 rubrica
884 3101 980 3180 dicta,
1010 3101 1101 3186 cujus
1129 3099 1219 3164 radix
1246 3111 1295 3166 est
1320 3103 1423 3188 longa,

431 3207 554 3294 gracilis
570 3217 602 3271 et
616 3205 803 3282 rubicunda,
818 3225 890 3289 quse
905 3203 1023 3267 effossa
1038 3203 1104 3266 sole
1120 3202 1264 3282 siccatur,
1283 3213 1381 3292 atque
1395 3204 1424 3265 in

331 3310 481 3374 mortario
507 3308 571 3395 pild
594 3309 747 3386 tunditur,
776 3306 879 3370 etsie
905 3305 1008 3369 lexiva
1034 3305 1161 3390 perfusa
1184 3306 1218 3368 iu
1243 3306 1306 3369 olla
1336 3303 1422 3368 radi¹

330 3413 486 3500 coquitur.
541 3409 604 3474 Cui
626 3431 698 3474 cum
721 3408 800 3471 bene
823 3407 979 3484 bulluerit,
1002 3428 1038 3470 os
1060 3406 1237 3492 elephantis
1258 3428 1314 3471 seu
1333 3404 1424 3492 piscis

330 3515 380 3576 vel
409 3515 493 3578 cervi
515 3513 709 3599 impositum,
734 3510 863 3573 rubrum
898 3509 945 3572 fit.
1006 3505 1148 3572 Possunt
1179 3509 1275 3572 etiam
1309 3529 1352 3572 ex
1378 3507 1425 3570 his

330 3615 455 3680 ossibus
482 3617 531 3680 vel
554 3616 701 3680 cornibus
726 3609 865 3676 tornatili
892 3632 987 3696 opere
1012 3611 1079 3674 lieri
1109 3609 1217 3674 noda²
1247 3613 1279 3675 in
1305 3611 1425 3676 baculis

329 3715 558 3802 episcoporum,
574 3716 747 3792 abbatium,
764 3722 860 3799 atque
875 3713 1012 3777 minores
1026 3713 1137 3776 noduli
1151 3714 1283 3778 diversis
1296 3713 1426 3778 utensil-

329 3817 400 3882 ibus
422 3816 498 3902 apti.
543 3816 634 3892 Quos
656 3838 728 3880 cum
751 3814 850 3880 acutis
873 3815 960 3878 ferris
982 3815 1156 3879 tomaveris
1177 3837 1250 3880 cum
1271 3817 1425 3902 asperells

329 3920 480 4007 aequabis,
496 3928 528 3984 et
542 3919 692 4006 colligens
708 3939 832 3982 rasuras
847 3916 880 3980 in
897 3937 1002 4000 panno
1017 3917 1100 3980 lineo
1118 3918 1252 4004 desuper
1267 3919 1425 3982 tornando

329 4023 449 4087 fortiter
463 4021 599 4102 srIcabis,
623 4031 655 4085 et
670 4019 799 4086 omnino
817 4017 912 4082 lucidi
931 4019 1021 4082 fient.
1067 4017 1235 4085 Ciueribus
1250 4019 1380 4084 cribatis
1395 4031 1426 4083 et

328 4124 420 4188 laneo
441 4145 547 4209 panno
568 4123 677 4188 inditis
703 4121 819 4208 poteris
841 4120 1008 4185 manubria
1029 4142 1157 4202 cornea,
1184 4131 1217 4186 et
1238 4131 1425 4187 venatorum

329 4247 457 4306 cornua,
479 4227 529 4290 vel
551 4227 675 4290 tabulas
697 4225 729 4287 in
751 4221 886 4287 lucernis
908 4222 1025 4308 polire,
1056 4223 1099 4286 ad
1121 4224 1267 4288 ultimum
1290 4229 1366 4290 vero
1387 4247 1425 4288 ne

328 4326 524 4393 obliviscaris
539 4350 578 4393 ea
592 4327 681 4392 nucis
697 4325 767 4390 oleo
783 4323 976 4411 superlinita.

588 4459 596 4490 ¹
611 4457 681 4509 intr
972 4453 983 4488 ¹
1000 4453 1163 4516 “nort''smt.
