3216 5138
475 1259 772 1358 luorum
839 1258 1239 1382 Pnonoeus

572 1692 783 1779 LIBRUM
844 1695 1151 1782 SECUNDUM.

365 2151 398 2221 N
419 2154 629 2246 praeoedenti
650 2153 779 2236 libello,
805 2155 912 2226 frater
932 2156 1122 2237 karissime,
1140 2156 1284 2225 sincera
1300 2155 1408 2226 dilee-

406 2270 510 2340 tionis
535 2267 665 2341 affeetu
690 2293 760 2340 non
783 2292 841 2342 me
864 2272 978 2366 piguit
1004 2282 1074 2342 tuae
1098 2271 1203 2341 indoli
1223 2271 1407 2352 insinuare,

313 2387 435 2479 quanti
466 2387 606 2457 honoris
638 2389 853 2480 quantuique
879 2388 1103 2481 perfeetionis
1128 2387 1183 2469 sit,
1210 2388 1322 2457 otium
1347 2386 1410 2457 de·

313 2502 452 2585 clinare,
465 2511 502 2572 et
514 2504 677 2573 inertiam
688 2504 927 2596 desidiamque
940 2503 1096 2586 caloare3
1118 2525 1292 2595 quamque
1305 2500 1409 2573 dulce

313 2642 354 2688 ao
376 2618 594 2701 delectabile,
616 2620 827 2690 diversarum
852 2619 1047 2690 utilitatum
1073 2619 1250 2689 exercitiis
1266 2641 1409 2712 operam

313 2735 406 2814 dare,
426 2734 535 2826 juxta
551 2759 673 2807 vocem
691 2737 837 2807 oratoris
854 2736 1034 2828 cujusdam
1052 2736 1219 2806 dicentis:

425 2898 533 2957 “Scire
547 2898 659 2977 aliquid
672 2899 736 2959 laus
751 2912 812 2970 est3
836 2899 922 2977 eulpa
935 2912 990 2969 est,
1005 2898 1044 2957 nil
1059 2897 1172 2956 discere
1187 2895 1290 2956 velle.”

315 3047 389 3118 Neo
416 3049 604 3140 pigritetur
624 3051 805 3142 quispiam,
824 3073 916 3132 eum,
934 3050 1065 3143 dequo
1083 3049 1250 3120 Salomon
1272 3049 1332 3130 ait,
1350 3049 1411 3142 qai

314 3163 411 3236 addit
435 3166 620 3246 aoimtiam,
646 3163 743 3236 addit
772 3174 803 3238 et
827 3164 982 3248 dudonem
1007 3165 1289 3259 apprehendere3
1319 3165 1410 3256 quia,

313 3290 465 3373 quantus
495 3303 607 3351 exeo
631 3284 797 3375 procedat
823 3285 947 3354 animae
973 3283 1195 3376 corporisque
1224 3281 1410 3375 profectus,

313 3396 462 3490 diligens
479 3397 670 3468 meditator
687 3399 818 3490 poterit
838 3399 1030 3470 advertere.
1084 3397 1175 3468 Nam
1192 3397 1272 3468 luce
1286 3397 1412 3468 elarius

315 3521 474 3596 constat3
505 3514 595 3605 quia,
617 3514 772 3606 quisquis
798 3517 871 3585 otio
896 3515 1016 3586 studet
1042 3537 1082 3584 ao
1111 3513 1258 3595 levitati,
1285 3511 1412 3584 fabulis

314 3651 453 3720 quoque
471 3631 692 3721 supervacuis
718 3654 858 3723 operam
886 3632 956 3714 dat,
974 3655 1020 3702 ex
1041 3629 1252 3711 somnilitati,
1271 3628 1413 3700 curiosi-

314 3743 391 3824 tati,
408 3744 591 3835 potationi,
615 3745 788 3829 ebrietati,
814 3749 907 3830 rixae,
928 3769 1062 3842 pugnae,
1089 3745 1286 3848 homicidio,
1310 3744 1414 3814 luxu-

314 3859 382 3940 riae,
413 3860 524 3942 furtis,
555 3860 753 3955 sacrilegiis,
781 3862 940 3956 perjuriis
966 3872 1004 3933 et
1036 3861 1170 3932 oaeteris
1203 3860 1412 3952 hujusmodi,

314 3998 391 4066 quae
408 3978 580 4047 contraria
597 3987 679 4048 sunt
696 3979 806 4050 oculis
833 3977 901 4050 Dei
927 3979 1144 4072 respicientis
1170 4000 1274 4069 super
1299 3977 1413 4046 humi·

315 4093 386 4162 lem
413 4100 451 4164 et
481 4094 641 4184 quietum
669 4104 706 4165 et
736 4105 940 4188 operantem
968 4096 1004 4164 in
1033 4095 1174 4166 silentio
1205 4095 1242 4164 in
1271 4093 1413 4162 nomine

315 4207 469 4292 Domini,
501 4217 538 4278 et
573 4209 799 4282 obedientem
828 4221 1002 4304 praecepto
1034 4211 1075 4282 Β.
1109 4211 1208 4282 Pauli
1243 4209 1412 4303 apostoli:

314 4323 434 4424 anir
451 4334 561 4397 nutem
579 4324 705 4398 laboret
722 4328 894 4422 operando
912 4328 1065 4400 manibus
1082 4330 1164 4410 auio,
1182 4325 1274 4423 quod
1290 4325 1414 4397 donum

313 4451 369 4524 eat,
392 4451 428 4512 ut
445 4441 563 4514 hubent
582 4441 670 4515 trude
687 4441 813 4515 tribunt
839 4447 1063 4518 necessitarem
1084 4446 1241 4538 potienti.
1296 4441 1414 4534 Hujus
