3150 5140
298 474 364 540 284
638 495 830 540 resonam
854 495 960 540 nrn‘nn
983 495 1036 541 111.

298 647 381 733 piat;
405 644 515 732 sicque
540 667 635 732 super
660 646 793 711 eandem
819 657 923 712 cotem
949 647 1051 711 salira
1080 647 1245 711 humidam
1267 647 1399 712 lncabis

298 755 421 834 partem
447 749 565 827 leteris,
581 770 652 835 quae
675 771 715 812 ex
737 749 876 836 antiquis
899 750 1036 813 vasculis
1057 749 1166 813 fractae
1187 750 1398 835 reperiuntur,

298 851 400 916 donec
415 850 514 914 salire
528 851 633 936 spissa
647 860 679 915 et
700 851 799 914 rubea
814 853 871 914 liat
879 877 888 932 ;
912 873 1009 938 quam
1031 851 1121 914 linies
1144 873 1238 936 super
1252 852 1398 916 tabulam

298 953 480 1038 plumbeam
505 954 672 1040 aequalem,
699 975 917 1040 superquam
942 953 1056 1018 leniter
1084 953 1213 1018 fricabis
1241 954 1397 1018 electrum

298 1053 489 1140 usquedum
512 1056 635 1119 colores
657 1056 726 1141 ejus
741 1055 925 1120 translucidi
939 1055 1019 1119 fiant
1034 1063 1066 1119 et
1087 1055 1183 1135 clari3
1206 1077 1396 1142 rursumque

297 1153 424 1219 fricabis
439 1155 570 1220 laterem
585 1179 659 1222 cum
674 1158 774 1221 saliva
788 1179 883 1243 super
893 1167 1008 1238 cotem,
1018 1166 1051 1222 et
1062 1157 1153 1221 linies
1168 1179 1263 1244 super
1274 1159 1397 1222 corium

298 1257 476 1343 hyminum,
490 1259 606 1324 tabulae
617 1260 729 1346 ligneas
740 1261 903 1347 aequaliter
913 1261 1064 1339 affixum
1088 1281 1182 1346 super
1193 1259 1280 1346 quod
1295 1261 1397 1346 polies

298 1361 403 1447 ipsum
426 1363 577 1426 electrum
593 1362 696 1427 donec
718 1363 848 1428 omnino
865 1363 996 1450 fulgeat,
1010 1367 1055 1427 ita
1076 1371 1113 1426 ut
1135 1363 1308 1426 sidimidia
1321 1383 1397 1448 pens

299 1464 367 1550 ejus
382 1463 513 1528 humida
528 1465 584 1528 liat
598 1475 630 1529 et
645 1465 871 1530 dimidiasicca
884 1468 938 1547 sit,
949 1467 1055 1530 nullus
1071 1465 1172 1552 possit
1185 1465 1397 1544 considerare,

299 1587 370 1652 quas
384 1587 457 1652 pars
472 1565 566 1646 sicca,
576 1585 654 1653 ¹quae
668 1568 717 1631 vel
732 1567 862 1633 humida
878 1569 929 1634 sit.

639 1955 868 2052 CAPUT
930 1958 1068 2056 LVL

423 2175 470 2218 DE
492 2174 583 2218 PBDE
605 2174 737 2219 OAHCIS
761 2177 803 2220 ET
826 2177 962 2222 ΡΔΤΕΝΔ
983 2178 1098 2231 amus
1120 2179 1274 2226 alsium.

303 2321 540 2474 DEINDE
556 2323 654 2386 funde
666 2344 777 2388 aurum
793 2325 902 2413 inquo
918 2325 1070 2393 formabis
1081 2329 1195 2416 pedem
1211 2349 1284 2392 cum
1300 2325 1397 2406 nodo,

413 2427 445 2489 in
460 2427 550 2514 cujus
565 2426 642 2488 nodi
664 2427 769 2491 medio
785 2437 882 2514 atque
897 2429 929 2492 in
953 2453 1009 2494 ora
1024 2432 1115 2518 pedis
1130 2431 1163 2495 in
1179 2431 1311 2495 circuitu
1332 2430 1398 2494 dis-

300 2550 400 2616 pones
415 2530 548 2593 limbum
563 2550 637 2591 cum
659 2529 818 2614 lapidibus
834 2539 866 2593 et
889 2532 1011 2596 electris
1027 2544 1063 2597 ut
1086 2556 1192 2620 supra.
1237 2533 1398 2596 Pstenam

301 2653 428 2718 quoque
443 2654 516 2696 cum
532 2631 701 2710 formabis¹
719 2632 868 2698 mensuri
881 2644 913 2697 st
935 2634 1047 2716 formis,
1063 2636 1129 2723 quis
1150 2637 1299 2717 volueris,
1313 2637 1399 2700 circa

301 2755 391 2798 oram
405 2733 473 2819 ejus
489 2733 603 2796 eodem
618 2755 714 2819 opere
729 2745 762 2798 et
776 2737 885 2799 ordine
900 2737 1034 2801 limbum
1049 2740 1241 2825 operaberis,
1256 2739 1355 2803 facies
1365 2749 1399 2803 et

301 2835 440 2899 fistulam
455 2857 583 2898 auream
599 2833 710 2900 ordine
726 2847 759 2900 ct
773 2837 869 2902 modo
885 2862 949 2925 quo
965 2841 1107 2926 superins
1121 2851 1316 2928 argenteam.

345 2934 463 2999 Cruces
478 2957 606 3022 quoque
621 2945 654 2999 et
677 2938 818 3021 plenaria
833 2948 866 3003 et
882 2951 1064 3006 sanctorum
1079 2945 1249 3030 pignorum
1271 2942 1398 3024 scrinia,

301 3037 395 3100 simili
409 3037 511 3102 formai
524 3059 597 3101 cum
613 3038 769 3124 lapidibus
785 3051 818 3104 et
831 3043 1027 3130 margaritis¹
1042 3046 1222 3110 deomabis.

626 3429 852 3528 uAPUT
914 3432 1084 3530 LVIL

714 3652 760 3694 DE
782 3651 985 3700 commum.

264 3832 269 3840 ·
304 3808 511 3966 FACIES
527 3831 655 3896 quoque
679 3808 867 3872 colatorium
891 3831 1022 3876 aureum
1037 3813 1103 3877 sire
1127 3825 1311 3901 argenteum
1332 3818 1398 3884 hoc

398 3915 505 3980 modo.
553 3912 687 3976 Percutc
702 3933 758 3974 vas
770 3913 936 3997 parvulum
952 3915 994 3978 ad
1010 3914 1247 3982 similitudinem
1263 3920 1398 3986 modica

301 4019 410 4107 pelvis,
421 4017 585 4081 latitudine
600 4015 725 4078 modice
746 4015 882 4099 amplius
897 4014 992 4080 unius
1015 4017 1156 4101 palmee³,
1173 4021 1237 4100 (cui
1252 4021 1397 4107 impones

301 4122 435 4186 caudam
458 4115 663 4205 longitudinis
678 4117 771 4180 unius
790 4117 872 4180 ulnae
888 4121 933 4198 ct)
959 4119 1126 4185 latitudine
1150 4123 1243 4187 unius
1263 4124 1396 4210 pollicis,

529 4278 536 4308 ¹
553 4275 601 4326 imo
613 4275 791 4325 “formaveris'’

481 4364 482 4367 ’
527 4361 537 4391 ¹
555 4364 571 4388 ‘¹
581 4367 651 4422 atque
661 4360 775 4422 electris,”
785 4361 814 4409 in
827 4361 882 4409 uod.
896 4363 995 4425 Ouelpa

528 4443 538 4472 ¹
548 4445 591 4492 Ex
601 4443 660 4492 uos.
674 4443 772 4506 auspi.
782 4444 867 4491 desum
877 4444 904 4490 is
915 4446 1083 4511 Nousaripa
1092 4447 1193 4498 Hordeo.
