3168 5140
677 433 869 478 morum
893 435 995 480 mann
1016 437 1069 481 111.

596 776 833 876 CAPUT
892 779 1153 876 XCVHL

674 997 719 1040 DE
743 995 858 1041 unum
881 997 924 1042 ΑΟ
946 997 1066 1044 ΜῦΟΔ.

408 1143 562 1210 OGATO
585 1167 606 1211 a
626 1157 658 1212 te
679 1145 776 1212 freter
792 1145 960 1212 karissime
980 1153 1016 1210 ut
1034 1143 1139 1212 dicam
1159 1145 1217 1211 tibi
1237 1146 1277 1211 de
1291 1145 1398 1224 hedera,

449 1271 546 1336 quam
569 1259 670 1336 poetae
695 1258 791 1336 utque
813 1247 950 1312 artifices
974 1246 1108 1312 nimium
1133 1247 1319 1328 dilexerunt,
1339 1246 1400 1335 quic

321 1350 460 1416 occulus
475 1351 555 1416 vires
577 1373 656 1440 quas
678 1351 711 1415 in
730 1373 765 1416 se
776 1351 1138 1437 continetagnovemnt:
1154 1357 1318 1436 poetam
1331 1349 1400 1413 euin

321 1453 464 1519 carmina
477 1475 549 1518 curn
566 1455 769 1520 recitarentur
783 1453 817 1518 in
832 1453 956 1518 theatro
971 1461 1047 1518 ante
1061 1462 1257 1518 conventum
1272 1473 1399 1519 murano·

322 1579 402 1637 rum,
431 1557 664 1622 coronabantur
692 1556 810 1623 hedera
821 1556 1012 1620 :-artificee
1038 1577 1113 1621 vero
1143 1556 1267 1644 antiqui
1293 1579 1330 1620 ex
1352 1555 1400 1618 hac

322 1659 438 1724 multoe
453 1659 574 1724 colores
589 1659 784 1739 invenerunt,
802 1681 843 1726 ex
858 1659 975 1748 quibua
990 1679 1089 1724 unum
1104 1657 1224 1746 scripto
1240 1659 1298 1724 n'bi
1312 1665 1400 1723 osten-

321 1760 406 1826 dam.
446 1759 560 1826 Menae
576 1763 698 1844 martio,
713 1785 787 1828 cum
803 1762 909 1827 herbae
920 1763 1115 1848 arboresque
1126 1783 1259 1826 succum
1272 1761 1402 1826 dernatre

320 1873 404 1928 teria
419 1865 604 1952 suscipiunt,
622 1877 655 1931 et
675 1853 788 1932 iteruin
803 1866 885 1930 vires
907 1863 1071 1930 crescendi
1093 1863 1260 1952 recipiunt,
1276 1862 1401 1929 subulam

320 1963 430 2050 accipe
453 1973 486 2028 et
511 1969 706 2033 ramusculos
732 1969 857 2035 hederre
883 1967 1009 2055 perfora
1034 1967 1175 2048 locatim,
1203 1976 1236 2032 et
1263 1967 1403 2055 egrditnr

321 2065 442 2152 gummi
456 2067 559 2154 liquor
580 2091 620 2134 ex
642 2071 698 2151 eis,
720 2071 847 2160 dequo
869 2069 1062 2158 sanguineus
1084 2071 1251 2157 coquendo
1273 2067 1402 2136 coloret·

320 2169 434 2250 licitur,
449 2170 503 2258 qui
517 2172 607 2240 lecca
622 2181 829 2262 nuncupatur.
870 2173 1024 2262 Decoque
1036 2195 1114 2260 ergo
1129 2173 1250 2260 gummi
1267 2173 1402 2260 liquorem
1503 2255 1504 2268 χ

320 2294 415 2360 quem
431 2273 489 2339 tibi
510 2297 606 2363 supra
627 2276 694 2342 dixi
715 2299 789 2342 curn
812 2277 916 2356 urine,
939 2285 971 2340 et
994 2275 1125 2341 habebis
1141 2277 1348 2363 sanguineum
1361 2297 1404 2338 co·
1503 2270 1504 2292 ¹

320 2376 420 2440 iorem
441 2377 496 2466 qui
519 2391 568 2444 eat
590 2379 674 2444 utilis
696 2379 857 2467 scripturis
880 2389 977 2466 atque
999 2377 1139 2466 picturis.
1186 2379 1237 2444 Ex
1259 2379 1321 2444 hoc
1342 2398 1405 2463 crgo

320 2477 443 2564 parcia'
467 2481 600 2547 efficitur
621 2481 675 2570 qni
699 2481 797 2568 pellea
818 2481 950 2546 arietum
973 2503 1012 2546 ac
1027 2503 1191 2567 caprarum
1206 2503 1299 2548 rosea
1315 2481 1407 2546 colore

321 2577 461 2646 decorat

630 2833 1143 2845 nun—ffl—

637 3099 873 3200 CAPUT
934 3101 1129 3201 xuin

697 3351 743 3394 DE
765 3349 877 3394 vnum
899 3349 1042 3396 commi.

322 3514 580 3664 VIRIDEM
601 3518 628 3582 ei
648 3517 720 3606 qu’u
736 3517 852 3605 quaerit
871 3516 1009 3581 colorem
1029 3515 1069 3580 ad
1089 3514 1247 3580 scribendi
1263 3536 1354 3580 usum
1370 3513 1413 3576 fe·

421 3641 504 3698 cere,
527 3621 663 3706 accipiat
685 3619 762 3686 solia
780 3620 879 3684 viride
901 3641 941 3684 ex
963 3620 1062 3684 herba
1083 3641 1156 3706 quae
1171 3620 1266 3706 vulgo
1287 3619 1414 3684 morellu

320 3731 529 3806 nuncupatur,
545 3743 680 3810 eamque
693 3745 766 3788 curn
782 3731 868 3788 crete
883 3721 1019 3786 candida
1034 3743 1129 3808 super
1143 3731 1266 3807 petrum
1282 3743 1415 3786 marino

320 3845 405 3888 ream
422 3824 591 3912 diligenter
601 3834 693 3908 terat,
709 3825 812 3891 donec
826 3826 890 3890 sint
905 3825 997 3890 uelde
1011 3823 1140 3911 liquida,
1155 3833 1253 3910 atque
1268 3823 1309 3888 ed
1324 3843 1415 3887 usum

319 3927 475 3992 scribendi
495 3927 626 4013 optima.
672 3926 746 3994 Hoc
769 3937 874 3994 autem
898 3927 993 4007 facto,
1016 3947 1150 4012 pennam
1176 3926 1278 3991 facere
1299 3935 1415 4010 tempe-

321 4039 434 4110 rutam,
449 4053 504 4096 eeu
520 4031 690 4118 pincellnin
710 4033 742 4095 in
767 4032 850 4096 hunc
868 4033 1006 4097 colorem
1022 4032 1150 4116 inunge,
1165 4039 1261 4118 atque
1276 4027 1416 4092 illumino

318 4131 469 4216 capitales
492 4133 610 4198 litteras
631 4155 711 4220 quas
733 4155 772 4197 ex
796 4134 908 4199 codem
932 4135 1037 4198 colore
1053 4133 1099 4198 vis
1123 4133 1307 4198 illuminare.
1351 4129 1414 4195 Sed

318 4255 395 4299 cave
412 4235 516 4316 frater,
532 4259 571 4302 ne
594 4237 726 4302 nimium
742 4257 843 4323 ponas
859 4258 897 4300 ex
914 4245 999 4300 creta
1015 4259 1087 4300 cum
1103 4258 1200 4302 succo
1215 4235 1371 4301 foliorum.

739 4387 919 4452 ¹'‘phoenicia.''
943 4391 1008 4448 Quoi
