3228 5134
294 501 332 564 14
655 522 847 568 rnnorrrrnr
872 523 975 566 umen
999 523 1021 565 r.

333 671 438 736 Misce
462 673 559 736 viride
584 695 656 738 cum
678 695 784 756 succo,
800 685 833 740 et
847 674 929 740 adde
944 673 1106 738 modicum
1122 691 1218 757 ograe,
1241 680 1272 735 et
1286 670 1381 756 imple

289 773 522 838 vestimentum.
578 775 672 840 Adde
688 777 784 842 etiem
799 777 959 842 modicum
975 773 1067 862 nigri,
1083 782 1115 837 et
1129 772 1180 838 fec
1195 773 1380 837 exteriorem

288 874 444 938 umbram.
498 876 591 942 Adde
616 899 689 943 cum
708 879 890 965 impletione
906 880 976 966 plus
991 875 1098 941 viridis
1114 885 1146 939 et
1166 875 1306 939 illumina
1321 873 1383 958 pri-

288 998 386 1041 mum.
432 975 516 1042 Cum
530 1001 609 1066 puro
624 981 715 1045 viridi
730 980 871 1045 illumina
886 981 1033 1060 exterius,
1049 979 1121 1044 etsi
1137 999 1216 1063 opus
1231 977 1283 1056 sit,
1299 975 1382 1040 adde

288 1078 316 1142 ei
332 1077 492 1144 modicum
507 1081 580 1146 albi.
620 1081 712 1148 Usus
729 1103 838 1149 nurus
854 1101 1057 1148 vnsrrrrrrrrrr
1071 1100 1140 1144 rrorr
1154 1099 1212 1144 ser
1224 1099 1260 1141 nr
1273 1097 1382 1142 rruno.

289 1179 395 1246 Misce
409 1180 673 1269 auripigmentum
688 1207 762 1250 cum
776 1185 893 1265 indico,
908 1186 974 1249 sive
986 1205 1059 1249 cum
1074 1182 1206 1262 monice,
1220 1181 1286 1244 sive
1307 1201 1381 1244 cum

288 1303 384 1348 succo
395 1283 548 1364 sambuci,
558 1293 591 1350 et
602 1285 697 1372 imple
706 1287 939 1352 vestimentum.
974 1286 1067 1350 Adde
1078 1283 1214 1370 emplius
1223 1282 1264 1346 de
1275 1303 1381 1358 succo,

288 1383 356 1449 sive
370 1385 513 1465 msuisc,¹
529 1385 571 1451 de
585 1385 701 1469 indico,
714 1399 746 1454 et
760 1389 812 1455 sac
826 1397 956 1454 tractus.
1007 1388 1101 1452 Adde
1115 1385 1275 1450 modicum
1290 1384 1382 1470 nigri,

288 1496 321 1552 et
343 1487 394 1552 fec
419 1489 563 1552 umbram
585 1491 781 1556 exteriorem.
830 1490 955 1556 Deinde
976 1491 1046 1577 plus
1067 1485 1287 1573 auripigmenti
1308 1507 1381 1549 cunr
1518 1517 1523 1538 =

288 1589 481 1677 impletione,
497 1599 529 1655 et
543 1591 685 1656 illumina
700 1593 845 1679 primurn.
891 1591 974 1657 Cum
994 1590 1129 1677 simplici
1151 1587 1381 1673 auripigmento

288 1692 430 1757 illumina
444 1691 596 1779 superius.
641 1693 916 1782 Auripigmentum
931 1704 963 1759 et
982 1692 1132 1781 quicquid
1146 1713 1186 1756 ex
1209 1712 1247 1754 eo
1261 1699 1381 1774 tempe-

289 1801 385 1873 ratur,
400 1794 519 1858 nullum
531 1795 596 1859 vim
610 1795 708 1861 hebet
722 1796 755 1861 in
770 1817 870 1861 muro.
918 1795 1022 1860 Misce
1037 1795 1158 1858 menisc
1168 1815 1241 1858 crrm
1254 1792 1339 1870 folio,
1350 1801 1382 1855 et

288 1894 386 1980 imple
411 1897 643 1962 vestimentum.
687 1897 781 1962 Adde
804 1899 900 1963 etiam
924 1919 1035 1985 parum
1061 1897 1152 1982 nigri,
1168 1905 1201 1961 et
1222 1896 1272 1961 fec
1294 1902 1381 1959 exte·

288 1995 401 2060 riorem
430 1997 587 2063 umbram.
640 1998 723 2064 Cum
750 2001 883 2086 simplici
913 2000 1034 2064 manisc
1063 1999 1204 2064 illumina
1233 1999 1378 2085 primum.

289 2095 383 2160 Adde
406 2119 517 2184 parum
540 2100 615 2181 albi,
635 2111 668 2166 et
689 2101 831 2166 illumina
845 2100 996 2187 superius.
1042 2099 1147 2165 Misce
1173 2121 1284 2186 ogram
1306 2122 1379 2164 cum

289 2195 391 2283 nigro,
407 2208 440 2262 et
454 2199 550 2288 imple
564 2202 796 2268 vestimentum.
841 2203 934 2268 Adde
949 2203 1030 2290 nigri
1045 2203 1125 2288 plus,
1139 2212 1171 2267 et
1185 2203 1236 2267 fec
1251 2210 1381 2266 tractus.

289 2300 382 2366 Adde
397 2302 493 2368 etism
508 2306 590 2390 plus,
604 2313 637 2370 et
651 2305 701 2370 fec
716 2306 862 2370 umbram
877 2304 1074 2371 exteriorem.
1111 2305 1205 2370 Adde
1213 2325 1300 2390 ograe
1311 2305 1382 2390 plus

288 2424 361 2468 cum
376 2405 569 2492 impletione,
584 2417 617 2472 et
630 2409 772 2474 illumina
787 2408 933 2496 primum.
978 2406 1062 2472 Cum
1077 2428 1156 2494 ogra
1171 2415 1204 2472 et
1217 2405 1315 2471 rubeo
1331 2406 1382 2470 fec

289 2507 439 2574 similiter.
470 2509 574 2576 Misce
588 2512 695 2576 album
710 2521 743 2576 et
756 2511 865 2592 viride,
880 2519 913 2575 et
927 2509 1022 2596 imple
1034 2509 1265 2574 vestimentum.
1296 2505 1380 2571 Cum

288 2611 424 2698 simplici
437 2613 528 2678 viridi
543 2614 594 2679 fec
608 2623 736 2679 tructus.
781 2614 874 2680 Adde
887 2634 1001 2699 perum
1015 2611 1112 2691 succi,
1127 2621 1159 2675 et
1174 2609 1225 2675 fec
1235 2609 1380 2674 umbram

288 2714 485 2781 exteriorem.
529 2717 623 2782 Adde
638 2718 709 2803 plus
724 2716 788 2780 albi
803 2737 876 2780 cunr
891 2713 1084 2801 impletione,
1108 2722 1140 2777 et
1161 2711 1304 2776 illumina
1318 2710 1382 2795 pri·

290 2840 387 2883 mum.
432 2819 516 2885 Cum
540 2820 675 2906 simplici
697 2819 771 2883 ulbo
793 2818 936 2882 illumina
957 2816 1110 2901 superius.
1155 2813 1258 2878 Misce
1280 2811 1382 2875 modi-

288 2941 360 2984 cum
377 2921 459 3008 nigri
473 2931 507 2986 et
527 2943 638 3006 purum
661 2919 748 2984 rubei
770 2941 843 2983 cum
866 2919 951 2997 albe,
974 2926 1007 2981 et
1028 2917 1124 3003 imple
1147 2917 1379 2980 vestimentum.

289 3021 382 3086 Adde
396 3023 467 3107 plus
482 3021 569 3087 rubei
584 3032 617 3087 et
630 3042 741 3108 purum
764 3020 856 3106 nigri,
871 3028 904 3084 et
925 3019 975 3082 fic
997 3027 1126 3083 tractus.
1170 3019 1263 3082 Adde
1285 3017 1380 3082 etiarn

287 3125 423 3210 emplius
437 3125 517 3212 nigri
533 3133 566 3189 et
579 3124 677 3204 rubei,
692 3131 725 3187 et
738 3121 790 3187 fec
801 3123 946 3188 umbram
958 3120 1155 3186 exteriorem.
1201 3118 1293 3183 Adde
1308 3139 1381 3182 cum

288 3227 469 3312 impletione
485 3227 554 3314 plus
569 3225 643 3305 elbi,
658 3233 692 3290 et
705 3225 848 3289 illumina
862 3223 1008 3310 primum.
1046 3220 1129 3285 Cum
1145 3220 1279 3307 simplici
1294 3219 1380 3298 elbo,

287 3329 430 3394 illumina
444 3329 589 3394 exterius.
629 3327 733 3392 Misce
748 3327 890 3392 similiter
904 3325 1031 3412 nigrum
1045 3346 1118 3389 curn
1133 3325 1217 3388 ulbo.
1256 3323 1380 3387 Eodem

290 3431 386 3495 modo
401 3432 496 3495 misce
511 3452 621 3518 ogram
637 3451 710 3494 curn
726 3429 810 3510 elbo,
826 3437 858 3493 et
872 3430 904 3492 in
927 3427 1040 3492 umbre
1062 3424 1165 3491 eidem
1180 3425 1262 3490 udde
1279 3423 1382 3488 modi-

287 3553 362 3597 cum
377 3534 474 3598 rubei.
