3168 5140
336 529 401 590 388
662 548 852 591 rasorium
878 549 978 592 nisan
1003 549 1054 594 111.

338 697 490 779 foramen,
507 699 550 762 ita
565 709 601 762 ut
615 697 763 762 dimidius
777 699 809 762 in
825 723 864 764 eo
882 701 990 786 jacere
1007 701 1115 786 possit,
1132 713 1255 765 etcum
1271 723 1349 766 cera
1365 725 1442 767 con-

338 801 478 866 firmabis
500 824 571 866 eum
592 801 624 864 in
645 801 757 866 eodem
780 802 867 888 ligno
882 813 917 867 ut
932 803 1109 882 adhaereat3
1133 804 1315 891 tollensque
1340 828 1441 870 unum

337 903 517 968 malleolum
541 913 668 990 percute
686 905 794 969 leniter
815 906 845 969 in
869 906 972 970 medio
994 907 1067 970 nodi
1091 906 1123 969 in
1145 928 1211 971 uno
1231 908 1318 984 loco,
1335 907 1441 972 donec

335 1003 477 1068 foramen
501 1028 632 1091 parrum
656 1009 764 1086 facias,
795 1009 903 1095 sicque
926 1011 958 1072 in
982 1009 1087 1072 medio
1117 1009 1329 1096 percutiendo
1352 1021 1388 1073 et
1409 1010 1440 1072 in

335 1107 467 1172 circuitu
487 1109 653 1196 diligenter
673 1112 860 1197 frangendo,
881 1122 1064 1176 cavaturam
1088 1113 1231 1199 augebis.
1277 1111 1441 1200 Cumque,

334 1207 380 1272 sio
395 1211 601 1294 persistendo,
611 1215 650 1278 ad
668 1215 876 1278 meditullium
889 1215 964 1278 nodi
977 1214 1164 1300 perveneris,
1179 1223 1334 1278 converte
1349 1215 1438 1279 illum

334 1320 367 1373 et
382 1311 414 1374 in
429 1314 560 1380 alteram
577 1326 696 1402 partem
713 1320 763 1382 fac
778 1318 927 1382 similiter.
972 1315 1077 1392 Quem
1092 1337 1166 1380 cum
1182 1316 1437 1394 transfomveris,

336 1429 461 1499 percute
483 1441 614 1505 cuprum
637 1422 834 1506 longitudine
857 1421 946 1506 pedis
968 1419 1060 1482 unius
1080 1429 1112 1481 at
1134 1419 1318 1496 rotundum,
1343 1419 1389 1482 ita
1404 1431 1438 1482 ut

335 1518 477 1584 foramen
503 1523 634 1586 transire
660 1525 768 1608 possit,
791 1523 1013 1610 accipiensque
1033 1521 1180 1585 sabulum
1202 1530 1335 1584 acutum
1352 1523 1437 1606 aqui

336 1621 480 1700 mixtum,
505 1625 593 1688 mitte
618 1626 648 1687 iu
675 1625 815 1690 foramen
841 1639 872 1688 et
896 1647 968 1689 cum
993 1647 1091 1710 capro
1115 1624 1201 1688 lima.
1247 1621 1334 1685 Cum
1362 1645 1435 1685 vero

335 1723 476 1788 foramen
499 1726 694 1812 aliquantum
716 1729 907 1806 dilataveris,
931 1739 1057 1814 percute
1079 1727 1163 1790 aliud
1187 1747 1321 1810 cuprum
1346 1747 1435 1810 gros-

334 1825 409 1903 sius,
422 1849 494 1890 cum
510 1853 574 1914 quo
587 1831 725 1896 similiter
741 1832 882 1910 limabis;
906 1839 939 1894 et
953 1830 981 1894 si
992 1853 1072 1916 opus
1085 1829 1178 1892 fuerit
1189 1828 1288 1891 addes
1300 1851 1435 1912 cuprum

334 1929 459 1990 tertium
483 1933 631 2014 grossius.
678 1933 824 2020 Cumque
848 1943 882 1996 ut
904 1933 1037 1996 volueris
1056 1933 1200 1996 foramen
1223 1931 1434 2016 ampliaveris,

334 2028 444 2114 frange
474 2033 636 2096 sabuleum
668 2035 804 2118 lapidem
836 2033 998 2111 subtiliter,
1025 2045 1058 2096 et
1088 2033 1150 2098 hoc
1180 2033 1331 2118 imposito
1362 2056 1434 2098 cum

333 2153 431 2218 cupro
453 2156 537 2199 novo
559 2136 683 2201 limabis
705 2138 808 2200 donec
830 2137 951 2224 aequale
974 2137 1039 2200 liat.
1088 2135 1213 2200 Deinde
1235 2136 1310 2199 tolle
1330 2138 1434 2222 plum·

334 2235 411 2299 bum
434 2239 499 2324 pari
523 2240 619 2303 modo
642 2241 823 2318 rotundum,
846 2239 1018 2326 additoque
1042 2239 1189 2302 fricaturd
1211 2238 1337 2323 tegulae,
1360 2261 1433 2302 cum

334 2339 442 2419 saliva,
467 2341 565 2427 polies
588 2343 730 2406 foramen
749 2343 888 2423 interius,
910 2344 1077 2428 ipsumque
1099 2340 1218 2404 nodum
1232 2339 1315 2404 sicut
1338 2365 1434 2428 supra

334 2445 481 2508 exterius.
529 2445 736 2510 Purissimum
761 2445 956 2509 christallum
981 2443 1237 2508 rotundissimum
1260 2443 1433 2508 formatum

333 2557 366 2610 ct
387 2547 530 2632 politum,
554 2549 704 2635 aqudque
720 2549 768 2612 vel
791 2547 890 2613 salivd
912 2546 1127 2610 madefactum
1149 2557 1181 2610 et
1198 2547 1283 2610 claro
1298 2549 1360 2610 soli
1375 2549 1433 2612 ad·

333 2647 478 2729 hibitum,
494 2651 559 2713 isca
573 2672 670 2736 quam
685 2659 842 2713 tenturam
855 2655 973 2714 vocant
987 2651 1151 2735 supposita
1165 2649 1219 2729 ita,
1235 2661 1270 2712 ut
1284 2651 1435 2734 splendor

334 2749 365 2813 in
392 2773 463 2815 eam
484 2753 594 2832 vibret,
617 2754 722 2839 ignem
746 2751 980 2818 velocissimum
1006 2752 1111 2816 trahit.
1157 2751 1252 2828 Quod
1280 2753 1307 2816 si
1333 2755 1435 2818 chris-

332 2853 442 2917 tallum
470 2879 575 2920 secare
600 2856 746 2936 volueris,
769 2854 866 2940 infige
896 2865 1032 2942 quatuor
1058 2856 1165 2919 clavos
1190 2856 1313 2941 ligneos
1339 2879 1435 2942 super

332 2978 506 3035 scamnum,
523 2959 604 3022 inter
624 2980 705 3044 quos
727 2957 922 3021 christallum
944 2957 1075 3024 firmiter
1091 2959 1207 3043 jaceat,
1222 2959 1276 3045 qui
1291 2959 1434 3024 clavisic

332 3059 471 3138 stabunt,
487 3069 522 3122 ut
544 3059 608 3123 duo
631 3060 775 3144 superius
797 3070 830 3123 et
849 3061 914 3124 duo
938 3060 1065 3124 inferius
1087 3061 1132 3124 sic
1149 3061 1283 3126 strictim
1299 3061 1434 3145 conjnn-
1545 3049 1547 3096 ³

332 3173 456 3248 gantur,
472 3175 507 3226 ut
522 3184 607 3226 serra
622 3163 705 3226 inter
720 3185 775 3226 eos
791 3163 873 3226 trahi
890 3163 942 3226 vix
958 3163 1068 3248 possit,
1082 3163 1161 3227 etin
1175 3164 1294 3227 nullam
1309 3173 1431 3248 partem

332 3267 427 3347 flecti,
452 3267 684 3352 imponensque
699 3287 817 3329 sermm
837 3265 970 3330 ferream
992 3275 1087 3351 atque
1103 3266 1317 3350 superjaciens
1336 3265 1433 3329 sabu-
1546 3327 1547 3332 ,

333 3370 396 3434 lum
413 3384 542 3435 acutum
558 3369 642 3456 aqud
656 3369 877 3446 commixtum,
893 3367 944 3432 fac
955 3379 1039 3432 stare
1051 3367 1130 3430 duos
1141 3367 1196 3452 qai
1207 3389 1278 3430 eam
1290 3367 1432 3445 trahant,

332 3473 448 3558 quique
463 3473 608 3537 sabulum
625 3495 698 3536 cum
713 3493 798 3558 aqua
819 3471 886 3534 sine
902 3469 1132 3534 intermissione
1147 3469 1282 3554 desuper
1298 3470 1433 3554 jaciant.

334 3575 405 3636 lloc
428 3575 639 3652 tamdiufiat,
657 3575 760 3638 donec
784 3573 978 3638 christallum
1001 3573 1033 3635 in
1051 3571 1174 3636 duabus
1196 3573 1336 3658 partibus
1351 3573 1434 3638 diri-

331 3677 432 3756 datur,
455 3699 535 3761 quas
558 3676 780 3762 superfricabis
804 3689 836 3741 et
858 3678 956 3763 polies
980 3689 1014 3740 ut
1035 3697 1140 3762 supra.
1187 3675 1309 3740 Eodem
1332 3678 1433 3740 modo

331 3787 488 3856 secantur,
511 3779 661 3842 fricantur
683 3791 780 3866 atque
804 3782 964 3866 poliuntur·
985 3779 1060 3843 onix
1080 3789 1111 3842 et
1130 3779 1266 3858 berillus,
1286 3801 1434 3867 smarag-

331 3882 400 3960 dus,
412 3881 512 3966 jaspis
528 3892 560 3944 et
576 3882 788 3962 calcedonius,
803 3883 961 3969 ceterique
978 3881 1096 3967 lapides
1111 3881 1244 3966 preciosi
1253 3907 1261 3961 ;
1282 3883 1319 3945 fit
1332 3883 1435 3946 etiam

330 3985 531 4048 tenuissimus
549 3985 651 4070 pulvis
674 3986 713 4049 de
738 3985 924 4072 fragmentis
946 3983 1097 4049 christalli
1116 3983 1182 4070 qui,
1202 3983 1319 4046 mixtus
1334 3985 1436 4070 aqud,

332 4089 458 4175 ponitur
479 4110 573 4174 super
597 4089 751 4176 aequalem
776 4089 895 4173 lignum
917 4087 957 4152 de
976 4087 1052 4166 tilia,
1073 4097 1105 4148 et
1125 4085 1260 4171 desuper
1279 4085 1437 4150 fricantur

1542 1013 1547 1116 l
