3216 5138
309 499 368 562 158
671 513 860 557 aaaoamm
885 513 985 556 mass
1009 513 1046 554 11.

305 669 397 734 unius
422 669 454 730 in
481 675 563 730 terra
588 665 718 744 fossum,
743 676 775 729 et
798 666 979 750 pertingens
1002 663 1163 750 usquead
1186 663 1401 728 summitatem

305 771 469 849 fenestrae;
492 769 525 832 iu
551 769 676 832 sinistra
705 789 779 832 vero
806 767 954 846 fornacis,
979 768 1042 832 hoc
1068 774 1118 830 est
1142 766 1175 830 in
1197 766 1309 830 dextra
1335 777 1402 846 tu‘a,

300 874 395 960 juxta
417 872 520 959 ipsam
544 871 724 950 fenestram,
740 869 782 934 sit
805 871 925 935 fossula
945 870 978 934 in
1002 869 1116 956 argilla
1135 869 1229 934 facta.
1277 870 1403 934 Deinde

305 985 397 1040 cocto
412 974 504 1052 vitro,
519 973 629 1059 accipe
650 973 772 1060 lignum
788 995 860 1038 cum
876 974 979 1038 rotula
1002 982 1036 1038 et
1054 974 1148 1053 ferro,
1163 973 1250 1059 quod
1270 983 1404 1038 vocatur

305 1099 390 1156 veru,
406 1084 439 1140 et
451 1099 535 1162 pone
550 1076 764 1140 summitatem
779 1077 847 1162 ejus
862 1077 894 1139 in
909 1098 965 1141 vas
980 1076 1062 1157 vitri,
1076 1075 1301 1163 modicumque
1315 1076 1403 1162 quod

306 1180 335 1245 ei
344 1179 512 1244 adhaeserit
522 1178 691 1242 extrahens
701 1199 807 1265 punge
816 1178 1120 1264 fortiterinlignum,
1128 1188 1165 1242 ut
1173 1177 1288 1242 vitrum
1297 1187 1403 1242 trans-

308 1283 436 1362 foretur,
455 1281 625 1368 statimque
643 1280 762 1346 calefac
782 1280 964 1346 inflamma
983 1290 1016 1346 et
1030 1289 1158 1367 percute
1172 1303 1266 1368 super
1280 1280 1403 1367 lignum

307 1386 365 1466 bis,
382 1394 417 1449 ut
432 1384 547 1448 vitrum
569 1383 728 1462 dilatetur,
745 1391 840 1470 atque
855 1405 928 1447 cum
951 1385 1151 1448 festinatione
1165 1385 1257 1448 volve
1272 1405 1403 1448 manum

306 1500 394 1554 tuam
407 1511 480 1552 cum
492 1488 604 1553 eodem
621 1487 713 1564 leuc,
724 1495 759 1550 ut
768 1487 880 1550 anulus
895 1487 927 1549 in
939 1487 1111 1550 rotundum
1122 1487 1333 1573 amplificetur
1341 1513 1350 1568 ;
1370 1497 1403 1552 ct

307 1594 351 1657 ita
365 1591 524 1657 volvendo
541 1591 591 1654 lac
603 1611 674 1654 cum
686 1588 879 1654 descendere
894 1611 994 1675 usque
1008 1590 1049 1652 ad
1066 1590 1211 1669 rotulam,
1226 1599 1262 1652 ut
1275 1593 1404 1678 aequalis

307 1697 373 1760 liat.
420 1693 494 1768 Quo
517 1691 624 1756 statim
650 1693 752 1778 ejecto
774 1691 806 1753 in
833 1691 996 1769 fossulam,
1020 1691 1132 1756 eodem
1154 1691 1252 1756 modo
1275 1715 1404 1778 operare

307 1801 461 1879 quantum
476 1791 566 1854 velis.
612 1789 708 1864 Quod
730 1789 756 1852 si
772 1788 907 1852 volueu's
928 1789 1039 1852 anulos
1060 1799 1132 1853 tuos
1154 1789 1223 1854 aliis
1244 1790 1404 1855 coloribus

308 1893 438 1972 variare,
464 1913 536 1956 cum
564 1891 722 1977 acceperis
748 1891 863 1954 vitrum
888 1901 920 1954 et
946 1893 1183 1978 transpunxeris
1199 1915 1272 1956 cum
1296 1895 1404 1978 gracili

309 1996 402 2075 ferro,
418 1995 484 2059 eice
499 1995 539 2058 de
561 1994 622 2056 alio
638 2015 713 2056 vase
729 1993 855 2056 alterius
878 1993 992 2058 coloris
1007 1993 1134 2074 vitrum,
1151 1995 1183 2057 in
1206 1995 1337 2059 modum
1359 1998 1404 2060 fili

309 2097 509 2163 circumdans
535 2118 572 2158 eo
598 2097 712 2158 vitrum
743 2095 838 2173 anuli,
864 2093 978 2158 deinde
993 2095 1181 2181 calefactum
1204 2097 1237 2159 iu
1264 2097 1404 2178 flamma,

309 2199 390 2264 sicut
400 2199 553 2284 superius,
565 2197 657 2262 simili
670 2197 766 2261 modo
776 2196 900 2282 perfice.
948 2195 1045 2260 Potes
1061 2197 1155 2260 ctiam
1171 2219 1265 2284 super
1276 2200 1405 2263 anulum

310 2300 436 2365 alterius
452 2300 576 2386 generis
599 2300 716 2363 vitrum
736 2320 854 2385 ponere
878 2298 959 2362 sicut
982 2320 1154 2384 gemmam,
1177 2308 1211 2363 et
1229 2301 1350 2366 calefac
1372 2303 1405 2365 in

309 2404 440 2468 flamma
456 2413 490 2467 ut
505 2403 675 2468 adhaereat.

613 2859 769 2904 EXPLICIT
791 2859 893 2904 LIBER
916 2859 1101 2905 SECUNDUS.
