3168 5140
657 515 849 560 relocatur
874 515 979 560 mm
1002 517 1056 574 Ul.

610 805 845 904 CAPUT
904 805 1143 905 XCVL¹

654 1025 698 1068 DE
721 1025 837 1068 num
860 1026 1061 1070 SCRIPTUM.

392 1181 468 1338 Sl
485 1187 556 1272 quis
570 1191 757 1277 scripturam
772 1193 884 1280 quierit
899 1191 958 1257 sibi
973 1192 1107 1273 scribere
1124 1189 1290 1277 pulchram

479 1287 530 1354 Ex
545 1313 633 1372 euro,
648 1295 735 1380 leget
751 1294 813 1358 hoc
828 1294 915 1382 quod
933 1295 986 1358 vili
1001 1295 1139 1358 carmine
1154 1293 1237 1358 dico.

391 1390 513 1456 Aurum
529 1415 602 1458 cnm
619 1418 697 1482 puro
713 1418 800 1460 mero
817 1397 1030 1483 uiolatusque
1045 1397 1185 1460 solutum

392 1491 465 1558 Hoc
479 1496 611 1561 nimium
628 1498 737 1579 fuerit;
762 1519 877 1563 moneo
892 1499 979 1586 quod
995 1521 1078 1584 saepe
1093 1498 1177 1563 lavet
1189 1495 1280 1576 illud,

391 1595 476 1661 Nem
491 1600 567 1686 quia
580 1601 725 1687 deposcit
738 1601 801 1666 hoc
816 1601 958 1667 candens
973 1601 1090 1688 pagine
1104 1601 1186 1666 libri.

392 1697 478 1763 Exin
492 1701 629 1767 theurini
644 1703 741 1768 societ
756 1705 948 1791 pinguedine
963 1704 1044 1769 sellis

391 1799 464 1866 Hoc
478 1802 642 1890 liquidum,
658 1805 684 1870 si
699 1807 766 1870 vult
780 1829 835 1872 seu
851 1827 924 1872 curn
940 1804 1132 1894 pinguedine
1148 1803 1284 1891 gummi.

389 1904 495 1991 Atque
510 1927 588 1993 rogo
604 1909 719 1994 pariter
733 1911 857 1974 calamo
872 1929 944 1972 oum
960 1907 1080 1995 ceperit
1095 1929 1207 1972 eurum

391 2003 485 2070 illurn
500 2021 710 2093 commovent,
725 2013 854 2099 pulchre
869 2011 894 2076 si
910 2010 1044 2075 scribere
1059 2007 1180 2096 quaerie

390 2105 475 2173 Hinc
490 2111 608 2178 siccate
623 2115 678 2178 sed
694 2121 730 2178 ut
744 2114 836 2178 fuerit
853 2113 1018 2200 scriptura,
1033 2111 1188 2175 nitentem

391 2207 487 2278 Hunc
502 2213 635 2281 nimium
652 2217 746 2282 faciat
760 2217 824 2280 ursi
839 2237 912 2280 cum
925 2214 1021 2280 dente
1035 2211 1157 2278 ferocis.

586 2683 825 2782 CAPUT
881 2683 1161 2779 xovlr·

573 2921 618 2963 DE
642 2917 808 2963 emmens
832 2917 879 2959 AD
901 2915 1136 2960 SCRIBENDUH.

392 3061 614 3214 FLORES
629 3065 662 3128 in
678 3061 782 3128 varios
796 3061 851 3150 qui
867 3061 934 3125 vult
948 3071 1070 3128 mutere
1085 3063 1206 3126 colores

480 3163 588 3230 Causa
602 3164 761 3230 scribendi
777 3185 859 3250 quos
873 3162 943 3228 libri
960 3165 1078 3250 pagine
1094 3165 1205 3251 poscit

390 3267 450 3332 Est
464 3289 545 3354 opus
560 3277 596 3332 ut
610 3276 733 3354 segetes
748 3267 781 3331 in
796 3288 921 3331 summo
936 3289 1030 3332 mene
1045 3276 1182 3354 pererret

390 3369 434 3434 Et
448 3379 524 3434 tunc
539 3369 682 3435 diversos
696 3369 792 3434 flores
808 3377 941 3457 ortuque
956 3379 1099 3434 recentes

390 3472 546 3552 Inveniet,
563 3481 771 3559 properetque
787 3470 847 3536 sibi
863 3471 1029 3558 decerpere
1044 3472 1182 3538 eosdem.

388 3573 535 3661 Cumque
549 3575 637 3640 domi
652 3573 769 3638 firerint
783 3581 895 3638 cevent
909 3596 949 3638 ne
964 3581 1063 3662 ponet
1077 3574 1110 3638 in
1126 3595 1224 3638 unum

389 3675 475 3752 Illos,
491 3675 546 3740 sed
563 3675 658 3740 iaciat
672 3675 758 3763 quod
775 3676 847 3742 telis
863 3699 912 3742 res
927 3676 987 3740 sibi
1002 3677 1106 3762 poscit
1120 3678 1169 3742 vel
1183 3673 1310 3764 querit„

389 3777 477 3842 Dum
492 3798 586 3864 super
601 3778 756 3866 aequalem
772 3787 893 3866 petrem
910 3777 1095 3846 contriveris
1110 3781 1189 3844 istos

388 3878 507 3959 Pieres,
523 3877 683 3946 incoctum
697 3881 813 3968 pariter
828 3893 896 3945 tum
912 3901 1048 3974 congere
1063 3902 1212 3968 gypsum.

386 3981 438 4048 sic
454 3981 510 4048 tibi
525 3982 660 4048 siccatos
676 3983 795 4070 poteris
810 4004 935 4048 servare
952 3983 1082 4048 colores.

386 4085 437 4152 Ex
453 4087 569 4176 quibus
584 4087 615 4150 in
632 4086 763 4150 viridem
780 4083 808 4150 si
821 4087 868 4150 vis
883 4093 1006 4151 mutere
1022 4085 1173 4166 colorem,

386 4188 516 4254 Calcem
531 4189 703 4254 commisce
718 4210 791 4253 cum
807 4187 948 4268 floribus,
965 4187 1037 4252 inde
1052 4187 1175 4253 videbis

387 4291 484 4368 Quod
499 4291 555 4356 tibi
572 4290 731 4372 mandavi,
748 4291 845 4356 veluti
861 4291 929 4379 ipse
944 4289 1087 4377 probavi.

397 4459 404 4490 ¹
423 4457 532 4508 ‘'Eraclii
540 4459 554 4480 ”
565 4461 656 4510 videtur
666 4476 716 4510 cerr.
977 4459 986 4488 ¹
1004 4461 1020 4488 ‘¹
1028 4457 1112 4510 Esseni
1120 4459 1132 4480 ‘¹
1143 4459 1251 4525 captata
1262 4467 1301 4509 est.

1550 3831 1558 4102 t
