3216 5138
645 505 832 550 asseratur
857 507 960 551 traua
983 509 1019 553 11.

647 785 884 889 CAPUT
930 791 1021 888 VI.

467 1013 637 1065 QUOMODO
660 1015 863 1059 OPERENTUR
886 1014 1021 1058 VITREAE
1043 1013 1197 1058 TABULAE.

288 1161 479 1314 MANE
503 1175 607 1228 autem
622 1165 700 1229 hora
724 1166 825 1252 prima
847 1167 953 1250 accipe
976 1167 1114 1230 fistulam
1139 1165 1282 1244 ferream,
1298 1174 1330 1229 et
1351 1166 1378 1228 si

397 1268 522 1331 tabulas
545 1267 648 1330 facere
670 1269 805 1330 volueris
829 1269 953 1346 vitreas,
970 1290 1052 1354 poue
1074 1267 1288 1332 summitatem
1311 1269 1379 1354 ejus

283 1371 314 1432 in
329 1391 386 1433 vas
408 1391 517 1446 unum,
533 1368 613 1432 vitro
629 1369 774 1454 plenum;
799 1369 850 1434 cui
873 1392 944 1434 cum
970 1369 1147 1447 adhaeserit,
1164 1371 1254 1433 volve
1276 1370 1378 1455 ipsam

283 1472 418 1536 fistulam
442 1471 475 1534 iu
497 1492 593 1535 manu
616 1480 671 1535 tua
691 1472 792 1536 donec
808 1473 1060 1558 conglomeretur
1073 1473 1156 1536 circa
1179 1493 1261 1550 eam,
1276 1494 1379 1560 quan-

283 1583 350 1638 tum
365 1574 519 1654 volueris3
544 1597 681 1662 moxque
696 1575 823 1662 ejiciens
839 1597 963 1660 appone
979 1575 1023 1638 ori
1041 1585 1096 1638 tuo
1111 1583 1144 1637 et
1165 1574 1257 1637 suffla
1277 1575 1378 1639 modi-

282 1697 366 1754 cum,
377 1679 547 1763 statimque
562 1699 726 1742 removens
741 1679 783 1742 ab
798 1701 852 1742 ore
867 1688 938 1742 tene
949 1679 1043 1763 juxta
1053 1675 1225 1754 maxillam,
1236 1697 1275 1738 ne
1287 1676 1378 1754 forte,

283 1779 308 1842 si
326 1781 489 1844 retraxeris
505 1781 689 1859 anhelitum,
704 1783 811 1846 trahas
827 1781 990 1844 flammam
1004 1780 1038 1841 in
1053 1800 1090 1842 os
1101 1787 1203 1842 tuum.
1249 1775 1378 1841 Habeas

282 1903 410 1968 quoque
425 1882 560 1968 lapidem
576 1883 730 1970 aequolem
753 1892 826 1947 ante
849 1882 1020 1947 fenestram
1035 1902 1130 1966 super
1145 1901 1239 1966 quem
1255 1878 1377 1943 modice

283 1984 438 2068 percuties
459 1984 561 2069 ipsum
581 1986 720 2050 candens
736 1985 862 2065 vitrum,
876 1995 913 2048 ut
934 1983 1096 2070 aequaliter
1117 2003 1157 2046 ex
1179 1982 1266 2046 omni
1289 1995 1377 2066 parte

282 2086 429 2172 pendeat,
445 2097 477 2150 et
492 2087 598 2151 statim
614 2111 687 2151 cnm
704 2088 905 2153 festinatione
921 2087 1032 2152 crebro
1048 2086 1190 2164 sufflans,
1205 2083 1321 2148 totiens
1336 2083 1377 2147 ab

282 2211 336 2254 ore
360 2211 496 2254 remove.
552 2189 698 2278 Cumque
720 2191 836 2255 videris
861 2189 937 2254 illud
960 2189 1052 2276 quasi
1076 2188 1212 2252 vesicam
1236 2187 1376 2272 longam,

282 2290 399 2356 adhibe
423 2293 637 2357 summitatem
662 2294 729 2380 ejus
753 2295 794 2357 ad
821 2294 994 2371 flammam,
1018 2301 1049 2356 et
1072 2291 1180 2354 statim
1206 2289 1377 2376 liquefacto

282 2395 446 2481 apparebit
468 2395 621 2475 foramen,
643 2406 839 2482 acceptoque
860 2397 947 2482 liguo
969 2395 1011 2458 ad
1035 2394 1095 2457 hoc
1118 2415 1198 2479 opus
1220 2400 1306 2479 apto,
1326 2391 1377 2454 fac

282 2497 424 2562 foramen
440 2500 582 2585 amplum
595 2499 677 2564 sicut
692 2508 740 2564 est
758 2501 789 2562 in
813 2499 927 2562 medio.
974 2497 1100 2560 Deinde
1115 2496 1273 2581 conjunge
1288 2515 1375 2558 oram

281 2599 390 2686 ipsius,
412 2603 604 2689 superiorem
625 2603 770 2667 videlicet
793 2611 913 2688 partem
937 2600 977 2664 ad
1000 2599 1190 2677 inferiorem,
1212 2597 1258 2662 ita
1280 2606 1315 2661 ut
1336 2619 1376 2661 ex

281 2714 413 2791 utraque
444 2715 533 2791 parte
558 2704 788 2792 conjunctionis
814 2704 956 2768 foramen
983 2710 1144 2788 appareat.
1199 2699 1376 2787 Statimque

281 2829 352 2870 cum
377 2807 507 2872 humido
528 2808 615 2894 ligno
638 2808 786 2894 continge
807 2807 911 2894 ipsum
927 2807 1040 2868 vitrum
1059 2805 1153 2890 juxta
1175 2805 1324 2882 fistulam,
1345 2814 1378 2867 et

281 2919 393 2972 excute
420 2910 579 2974 modicum
607 2919 639 2973 et
664 2909 867 2995 separabitur.
915 2907 995 2971 Mox
1019 2908 1113 2972 etiam
1135 2907 1254 2972 calefac
1275 2906 1375 2993 ipsam

281 3013 420 3076 fistulam
443 3013 475 3075 in
498 3013 628 3076 flamma
651 3013 796 3090 fornaciS,
812 3012 913 3076 donec
937 3012 1077 3099 liquefiat
1098 3010 1212 3074 vitrum
1237 3011 1323 3097 quod
1347 3011 1375 3074 ei

277 3116 431 3201 jungitur,
448 3123 480 3178 et
502 3137 575 3178 cum
597 3115 797 3179 festinatione
820 3137 902 3200 pone
918 3137 1012 3200 super
1027 3135 1098 3178 oras
1113 3113 1192 3176 duas
1207 3113 1277 3176 vitri
1300 3135 1377 3177 con-

276 3217 404 3300 junctas
435 3227 468 3282 et
496 3218 679 3283 adhaerebit.
738 3217 835 3292 Quod
873 3218 1022 3282 continuo
1060 3217 1186 3280 elevans
1224 3213 1313 3279 mitte
1342 3216 1375 3278 in

281 3319 410 3384 flamma
427 3321 563 3385 fornacis
578 3320 680 3385 donec
701 3321 843 3407 liquefiat
865 3319 1007 3384 foramen
1022 3318 1107 3382 unde
1129 3319 1214 3405 prius
1237 3318 1374 3382 fistulam

280 3424 442 3508 separasti,
458 3433 490 3486 et
505 3432 636 3509 accepto
659 3423 746 3508 ligno
762 3423 897 3487 rotundo
920 3422 1019 3486 dilata
1039 3420 1114 3484 illud
1138 3421 1220 3485 sicut
1241 3421 1374 3484 altemm

279 3535 311 3589 ct
326 3526 520 3611 complicans
536 3547 622 3588 oram
639 3527 706 3611 ejus
722 3526 754 3588 in
777 3525 881 3589 medio
905 3545 1117 3610 separansque
1140 3545 1159 3586 a
1182 3523 1287 3585 fistula
1302 3544 1374 3586 cum

278 3626 365 3712 liguo
387 3627 530 3705 humido,
550 3627 591 3690 da
607 3649 714 3713 puero,
730 3629 783 3714 qui
807 3627 936 3690 inducto
958 3625 1046 3712 ligno
1070 3647 1126 3710 per
1149 3625 1291 3688 foramen
1307 3625 1374 3709 ejus

279 3727 419 3812 portabit
442 3729 475 3792 in
500 3729 626 3793 furnum
649 3729 809 3816 refrigerii,
832 3730 885 3816 qni
910 3729 1105 3794 mediocriter
1130 3727 1301 3792 calefactus
1324 3725 1373 3790 sit.

281 3827 352 3892 Hoc
377 3851 477 3914 genus
501 3831 571 3896 vitri
599 3854 712 3918 purum
736 3843 784 3896 est
808 3843 840 3896 et
860 3832 977 3897 album.
1019 3830 1142 3895 Eodem
1165 3830 1260 3893 modo
1280 3837 1374 3914 atque

278 3929 390 3992 eodem
414 3941 555 4016 tempore
579 3955 706 4018 operare
730 3933 847 3998 similes
870 3943 976 4019 partes
999 3935 1080 4012 vitri,
1103 3935 1204 3997 donec
1220 3955 1296 3996 vasa
1319 3953 1374 3994 ex·

280 4032 417 4096 haurias.
