3140 5152
289 495 354 560 366
640 512 836 558 rnaosmnr
861 511 966 556 araas
990 513 1043 557 ιιι.

289 665 474 753 refrigerari,
496 665 538 728 ab
560 665 693 730 humore
722 673 812 730 terroe
834 665 998 730 inflaretur
1019 675 1053 730 et
1073 687 1234 751 campana
1267 668 1414 754 absque,

289 769 387 834 dubio
412 767 593 832 finderetur.
648 765 724 842 Qua
750 768 863 853 ejecta,
890 767 960 853 ipsa
986 768 1091 832 forma
1115 769 1233 832 iterum
1259 770 1412 854 erigatur

289 893 383 956 super
398 879 523 946 terram,
539 867 648 956 sicque
663 879 736 950 stet,
751 870 854 934 donec
872 871 1012 936 exterius
1028 871 1161 935 omnino
1176 871 1409 956 refrigeremr5

289 971 397 1058 sicque
419 971 582 1057 frangatur
604 973 717 1060 argilla
739 983 772 1037 et
790 973 898 1038 circuli
920 971 1096 1058 ejiciantur,
1118 983 1152 1037 et
1174 972 1331 1060 quicquid
1357 973 1410 1036 in-

290 1073 410 1160 aequale
434 1073 572 1139 exterius
598 1075 702 1150 fuerit,
717 1075 839 1139 malleis
863 1076 966 1139 acutis
991 1074 1158 1140 incidatur.
1211 1075 1345 1139 Deinde
1372 1075 1407 1138 in

290 1176 395 1242 medio
414 1199 579 1263 campanas
599 1187 736 1264 ponatur
750 1177 883 1263 lignum,
904 1176 977 1240 huic
998 1175 1101 1240 simile
1121 1176 1235 1264 inquo
1258 1178 1406 1263 primum

290 1281 392 1344 forma
406 1291 533 1344 tomata
546 1290 604 1359 est,
626 1289 659 1344 et
672 1289 811 1366 quatuor
826 1279 894 1343 aliis
911 1279 1004 1364 lignis
1021 1280 1054 1342 in
1071 1279 1203 1344 modum
1218 1281 1326 1344 cmcis
1343 1280 1406 1344 ob-

291 1383 433 1446 firmatur
452 1405 509 1448 ora
527 1383 606 1470 ejus,
630 1383 675 1446 ita
689 1391 726 1446 ut
740 1380 927 1446 infusorium
950 1381 1060 1468 jaceat
1078 1403 1174 1467 super
1192 1404 1295 1446 unum
1309 1404 1404 1446 asse-

291 1509 369 1565 rem,
391 1497 424 1552 et
438 1487 515 1551 illud
539 1488 659 1573 lignum
681 1507 775 1571 super
796 1485 944 1563 alterum,
969 1494 1005 1547 ut
1024 1484 1164 1570 inposito
1184 1507 1284 1548 curvo
1300 1486 1403 1571 ligno,

292 1589 392 1676 possit
406 1611 563 1676 campana
581 1588 711 1667 tornari,
734 1597 831 1676 atque
846 1609 919 1652 cum
940 1586 1072 1652 sabuleo
1092 1587 1199 1674 lapide
1218 1609 1277 1674 per
1291 1589 1404 1652 omnia

291 1691 419 1777 aquari.
464 1690 545 1756 Post
571 1691 649 1771 hae,
679 1691 869 1755 infusorium
896 1711 936 1754 ex
961 1699 1098 1776 utraque
1126 1700 1216 1775 parte
1240 1689 1402 1770 limatum,

291 1793 458 1879 diligenter
472 1794 646 1880 frangatur,
669 1804 702 1858 et
716 1793 802 1858 circa
820 1793 937 1859 collum
958 1793 1023 1857 duo
1044 1792 1132 1878 ligna
1150 1793 1401 1878 conjungantur,

292 1895 421 1959 inferius
445 1917 500 1981 per
523 1895 663 1960 medium
687 1895 801 1976 minus,
828 1905 860 1961 ct
885 1895 1028 1980 superius
1055 1895 1088 1958 in
1111 1894 1244 1959 circuitu
1271 1895 1400 1981 majus;

292 2019 363 2084 qua
396 1997 483 2084 ligna
518 1998 644 2062 duobus
679 1999 805 2064 circulis
838 1997 962 2063 fortiter
996 1997 1264 2083 constringentia,
1302 2007 1401 2084 atquc

293 2097 399 2162 ferreis
421 2098 555 2164 vinculis
573 2101 716 2166 exomni
738 2111 826 2187 parte
847 2100 932 2166 eirca
952 2122 1046 2166 auras
1066 2100 1266 2186 colligantur.
1315 2099 1401 2164 lllud

293 2223 368 2268 vero
383 2202 486 2288 majus
501 2201 623 2288 lignum
638 2202 680 2266 sit
694 2203 820 2270 modice
835 2203 963 2289 lougius
978 2225 1076 2290 quam
1092 2223 1252 2288 campana
1266 2203 1308 2266 sit
1323 2203 1401 2281 lata,

294 2303 411 2392 sitque
425 2303 458 2368 in
473 2305 712 2370 summitatibus
735 2307 934 2392 aliquantum
954 2305 1104 2392 gracilius
1119 2327 1217 2392 quam
1232 2305 1265 2367 in
1280 2305 1401 2384 medio,

294 2417 326 2472 et
348 2407 382 2472 in
405 2407 482 2494 ipsis
505 2409 741 2474 summitatibus
765 2409 884 2473 habeat
907 2409 989 2474 duos
1014 2409 1113 2474 ferros
1138 2429 1269 2494 grossos
1292 2419 1325 2476 et
1349 2431 1402 2472 ro

294 2509 422 2590 triados,
434 2531 569 2598 quonam
584 2509 750 2597 longitudo
765 2511 807 2574 sit
821 2511 904 2576 intra
918 2512 1040 2598 lignum
1057 2511 1155 2596 spacii
1171 2510 1293 2574 dimidii
1309 2511 1403 2596 pedis

294 2623 326 2678 et
340 2623 431 2677 extra
445 2613 537 2678 unius
556 2612 663 2699 palmi.
708 2611 855 2699 Cumque
878 2614 1036 2699 aptaveris
1050 2613 1131 2678 duas
1147 2615 1254 2678 trabes
1269 2614 1312 2678 ad
1328 2637 1403 2679 sus-

295 2715 474 2802 cipiendam
486 2737 687 2802 campanam,
700 2716 750 2780 fac
765 2715 798 2778 in
813 2716 860 2780 eis
874 2715 955 2780 duas
970 2737 1136 2780 mensuras
1150 2715 1276 2780 duobus
1290 2715 1404 2803 digitis

295 2815 479 2905 profundas,
503 2817 666 2906 inquibus
682 2815 822 2884 claviilli
846 2818 955 2904 magni
974 2818 1185 2896 involvantur,
1207 2817 1268 2882 sub
1282 2819 1404 2903 quibus

294 2920 389 2984 etiam
402 2941 501 3006 pones
516 2921 597 2986 duos
612 2921 713 2986 ferros
728 2941 853 3002 curvos,
864 2919 905 2984 ad
920 2920 1094 2985 servandas
1110 2920 1225 2990 trabes.
1271 2918 1406 2986 Habeat

294 3019 391 3085 etiam
405 3020 483 3085 illud
498 3022 639 3108 grossius
654 3022 776 3108 lignum
787 3022 819 3086 in
835 3045 899 3110 quo
914 3023 1033 3110 pendet
1048 3043 1205 3109 campana
1220 3023 1253 3086 in
1265 3033 1404 3109 utraque

295 3133 384 3212 parte
399 3123 523 3212 singula
543 3123 711 3206 foramina,
733 3125 767 3190 in
782 3124 899 3212 quibus
914 3134 1074 3212 ponantur
1092 3125 1156 3188 duo
1172 3125 1259 3212 ligna
1274 3147 1405 3190 sursum

295 3227 503 3315 respicientia,
517 3226 632 3314 quibus
648 3227 741 3293 funes
757 3227 958 3293 innectantur
973 3228 1014 3292 ad
1029 3227 1234 3314 pulsandum.
1267 3226 1404 3293 Corium

296 3331 393 3397 etiam
417 3333 565 3421 spissum,
588 3331 630 3396 da
644 3331 727 3396 collo
747 3329 832 3395 cervi
856 3329 1114 3416 circumponatur
1134 3330 1217 3394 ferro
1232 3328 1277 3393 illi
1292 3353 1405 3411 curvo,

296 3435 383 3522 quod
404 3434 534 3500 interius
556 3433 654 3500 haeret
668 3433 701 3498 in
715 3432 821 3498 medio
840 3453 1013 3519 campanar,
1035 3433 1068 3496 in
1083 3455 1147 3521 quo
1171 3432 1298 3497 batillos
1322 3455 1406 3520 peu-

296 3535 371 3601 deat
379 3561 388 3618 ;
411 3537 466 3624 qui
480 3537 521 3600 sit
534 3543 631 3600 tantae
641 3535 849 3623 longitudinis
863 3544 899 3600 ut
912 3534 1091 3622 promineat
1105 3543 1195 3600 extra
1209 3555 1405 3622 campanam

296 3639 399 3725 spatio
420 3637 595 3702 latitudinis
624 3658 748 3718 manus,
775 3637 879 3725 sitque
905 3638 1044 3725 grossior
1067 3637 1099 3702 in
1115 3639 1179 3704 line
1201 3637 1406 3724 longitudine

296 3739 389 3808 unius
403 3739 527 3827 palma,
542 3761 730 3828 sursumque
744 3739 901 3826 gracilior.
