3220 5138
662 514 846 557 ‘l'llEOl’HlLl
873 517 974 559 bremt
997 519 1019 561 l.

648 899 879 995 curun
934 901 1037 1016 xx.

489 1126 535 1168 ΠΒ
557 1125 792 1170 nunmcarrms
815 1125 921 1170 osum
945 1127 987 1170 ΕΤ
1009 1127 1097 1170 01,Εο
1121 1126 1201 1170 unt.

302 1277 377 1429 Sl
394 1286 499 1340 autem
515 1276 647 1341 volueris
663 1275 744 1339 ostia
766 1275 921 1339 rubricare
936 1277 1009 1340 tolle
1025 1277 1128 1340 oleum
1143 1277 1208 1356 lini,
1224 1277 1310 1363 quod
1326 1278 1387 1342 hoc

381 1378 477 1443 modo
493 1397 674 1462 compones.
718 1376 837 1462 Accipe
852 1399 960 1440 semen
984 1379 1051 1457 lini,
1066 1387 1098 1442 et
1119 1377 1245 1443 exsicca
1261 1381 1336 1444 illud
1353 1381 1385 1443 in

294 1473 457 1566 'sanagine
469 1501 562 1564 super
571 1477 676 1564 ignem
686 1477 753 1542 sine
762 1499 855 1564 aqua.
902 1478 1027 1543 Deinde
1042 1479 1130 1544 mitte
1145 1480 1177 1544 in
1192 1481 1386 1561 mortarium,

299 1593 332 1648 et
352 1581 511 1648 contunde
525 1581 602 1645 illud
624 1581 689 1667 pila
703 1580 805 1644 donec
826 1579 1028 1644 tenuissimus
1043 1581 1145 1667 pulvis
1167 1582 1233 1660 fiat,
1250 1603 1387 1646 rursum-

298 1709 359 1776 que
375 1687 503 1750 mittens
517 1683 593 1746 illud
608 1683 641 1746 in
656 1681 858 1768 sartaginem,
872 1692 905 1746 et
920 1681 1088 1746 infundens
1110 1683 1269 1746 modicum
1284 1703 1386 1768 aquae,

298 1787 344 1852 sic
358 1785 523 1850 calefacies
535 1783 664 1848 fortiter.
711 1783 829 1847 Postea
841 1783 966 1846 involve
976 1783 1053 1846 illud
1063 1783 1095 1846 in
1106 1805 1246 1869 pannum
1258 1805 1386 1862 novum,

297 1898 329 1951 et
353 1909 436 1974 pone
457 1886 491 1948 in
513 1885 748 1970 pressatorium,
763 1884 796 1947 in
818 1907 882 1971 quo
898 1886 980 1948 solet
1001 1885 1101 1965 olivae,
1121 1885 1170 1949 vel
1192 1907 1320 1966 nucum,
1336 1889 1385 1952 vel

296 1989 461 2076 papaveris
476 1987 581 2052 oleum
605 1985 748 2072 exprimi,
765 1994 801 2048 ut
815 1986 928 2050 eodem
950 1986 1046 2050 modo
1067 1987 1162 2050 etiam
1184 1987 1267 2050 istud
1283 1989 1386 2074 expri-

297 2100 410 2155 matur.
455 2087 539 2152 Cum
565 2086 627 2150 lroc
651 2086 721 2149 oleo
745 2095 809 2150 tere
835 2087 966 2150 minium
993 2087 1058 2151 sive
1081 2087 1264 2152 cenobrium
1293 2111 1387 2176 super

296 2192 433 2279 lapidem
463 2189 530 2255 sine
554 2209 647 2275 aqua,
677 2198 709 2250 et
738 2209 812 2251 cum
835 2189 968 2273 pincello
991 2189 1079 2253 linies
1106 2211 1199 2275 super
1221 2191 1314 2271 ostia,
1336 2195 1386 2256 vel

296 2293 431 2372 tabulas,
440 2313 520 2378 quas
532 2289 690 2353 rubricare
705 2289 851 2371 volueris,
862 2299 894 2354 et
908 2291 948 2354 ad
963 2291 1061 2354 solem
1077 2290 1219 2356 siccabis.
1260 2293 1386 2358 Deinde

295 2397 407 2459 iterum
430 2393 529 2471 linies,
544 2399 576 2454 et
600 2411 722 2454 rursum
750 2391 893 2456 siccabis.
938 2393 990 2456 Ad
1016 2393 1159 2457 ultimum
1182 2415 1256 2458 vero
1278 2418 1386 2481 super-

295 2497 385 2561 linies
411 2495 439 2560 ei
465 2495 573 2580 gluten
600 2491 687 2578 quod
711 2493 865 2557 vernition
889 2494 1011 2572 dicitur,
1033 2494 1181 2580 quodque
1203 2495 1264 2560 hoc
1289 2499 1385 2563 modo

296 2599 470 2664 conficitur.

620 2971 855 3072 CAPUT
912 2971 1052 3066 XXI.

618 3199 664 3242 DE
686 3193 837 3241 onorius
860 3191 1057 3235 VERNI'l'lON.

370 3324 466 3391 ONE
497 3329 601 3393 oleum
628 3329 681 3392 lini
711 3327 744 3390 in
775 3324 871 3388 ollam
902 3342 1017 3385 novam
1043 3320 1214 3405 parvulam,
1241 3325 1273 3380 et
1301 3319 1383 3382 adde

391 3429 528 3514 gummi¹
552 3430 639 3516 quod
656 3435 788 3493 vocatur
811 3423 919 3502 fomis,
935 3420 1141 3485 minutissime
1163 3419 1281 3497 tritum,
1297 3419 1382 3504 quod

291 3515 390 3594 habet
404 3531 539 3616 speciem
561 3529 747 3595 lucidissimi
762 3525 872 3603 thuris,
888 3524 942 3588 sed
958 3543 1031 3586 cum
1054 3519 1207 3606 frangitur
1227 3517 1382 3602 fulgorem

291 3630 455 3695 clariorem
471 3633 584 3696 reddit.
631 3631 729 3707 Quod
745 3651 820 3694 cum
835 3647 929 3712 super
943 3623 1095 3688 carbones
1109 3620 1261 3708 posueris,
1281 3640 1382 3705 coque

292 3731 458 3817 diligenter
472 3734 517 3798 sic
531 3743 567 3797 ut
581 3757 647 3799 non
661 3733 783 3810 bulliat,
806 3731 908 3794 donec
930 3726 1019 3790 tertia
1034 3745 1107 3809 pars
1122 3730 1335 3803 consumatur,
1351 3730 1383 3784 et

290 3855 367 3898 cave
383 3835 556 3915 allamma,
571 3838 646 3923 quia
660 3835 872 3924 periculosum
888 3828 980 3892 nimis
996 3832 1055 3904 est,
1070 3831 1102 3886 et
1122 3821 1246 3886 difficile
1262 3822 1381 3885 exstin-

289 3935 395 4020 guitur
409 3937 435 4001 si
450 3937 649 4003 accendatur.
696 3936 768 4000 Hoc
785 3933 906 4020 glutine
916 3927 1018 3992 omnis
1033 3925 1156 4012 pictura
1172 3920 1382 4005 superlinita¹,

286 4038 324 4100 fit
338 4046 370 4101 et
386 4039 501 4103 decora
515 4061 554 4106 ac
569 4041 699 4106 omnino
715 4035 863 4102 durabilis
873 4030 894 4095 ⁸.

320 4207 326 4237 ¹
345 4207 375 4257 In
395 4207 421 4258 (t.
441 4209 478 4270 R,
497 4213 514 4236 “
525 4173 620 4260 Arabici
628 4211 641 4232 ’'
657 4205 808 4259 additam—¹
820 4207 835 4233 “
843 4201 929 4251 Lucida
948 4197 975 4244 fir
993 4203 1017 4242 et
1038 4191 1138 4250 ouon?
1155 4192 1238 4253 lenitur
1256 4192 1283 4237 r'n
1304 4193 1378 4241 MSS.

286 4293 384 4356 Gudpt
403 4300 422 4339 et
430 4291 578 4340 Parisii—¹
590 4295 606 4320 ‘¹
614 4291 640 4340 Si
649 4308 702 4340 voro
714 4287 813 4339 delirent
821 4283 906 4334 corium
912 4280 943 4326 ad
951 4273 1110 4338 cooperiendas
1121 4271 1218 4330 tabulas,
1225 4271 1303 4320 codem
1312 4275 1378 4320 modo

282 4382 309 4422 st
324 4376 401 4422 eodem
415 4373 504 4435 glutine
521 4375 678 4435 cooperiantur
688 4387 738 4419 cunr
750 4383 825 4430 pruno
841 4363 883 4412 lini
899 4357 1042 4408 mediocriter
1057 4350 1240 4402 carofi-Moli
1250 4355 1324 4402 locato
1341 4365 1379 4414 est,

282 4459 335 4505 vide
347 4458 374 4504 ia
380 4458 430 4516 fine
438 4470 491 4516 cop.
504 4455 552 4502 xix.
562 4471 610 4502 nou
622 4456 707 4516 leyr'tur
718 4453 744 4500 in
758 4453 783 4498 0.
795 4450 825 4498 R.
841 4440 960 4494 Paiones
