3220 5138
314 480 356 546 38
674 503 866 550 ranorum
891 505 993 551 ursan
1018 508 1040 550 1.

314 651 451 715 molatur
465 675 503 716 eo
520 653 640 734 ordine,
656 678 719 741 quo
731 658 829 742 prius,
844 659 947 722 donec
963 659 1091 723 omnino
1114 669 1207 724 exeat
1221 681 1293 724 curn
1309 681 1401 746 aqua.

312 751 380 816 Tali
403 755 499 819 modo
521 757 703 821 molendum
726 768 774 822 est
787 769 966 846 argentum,
982 761 1183 840 auricalcum,
1205 772 1237 825 et
1260 783 1400 849 cuprum.

312 851 376 917 Sed
392 876 503 919 aurum
517 857 698 942 diligentius
713 868 762 923 est
775 870 809 924 et
821 861 934 925 leniter
948 862 1146 941 trahendum,
1162 862 1338 949 saepiusque
1354 886 1402 928 re-

310 955 505 1039 spiciendum
520 960 595 1044 quia
608 960 734 1025 mollius
748 969 796 1025 est
807 963 918 1026 ceteris
933 964 1078 1044 metallis,
1093 986 1133 1028 ne
1148 964 1228 1028 forte
1243 965 1403 1029 adhaereat

311 1059 493 1125 molendino
507 1063 557 1126 vel
573 1062 687 1148 pistillo
703 1073 735 1127 et
756 1066 1017 1150 conglomeretur.
1064 1065 1204 1140 Quodsi
1227 1087 1282 1150 per
1304 1067 1401 1150 negli-

310 1161 451 1245 gentiam
486 1164 664 1250 contigerit,
694 1167 779 1252 quod
816 1166 1087 1252 conglomeratum
1117 1175 1166 1230 est
1194 1167 1340 1230 eradatur
1369 1174 1402 1228 et

308 1261 460 1347 ejiciatur,
475 1273 508 1330 et
530 1265 616 1352 quod
641 1267 796 1353 reliquum
819 1276 989 1354 estusque
1012 1269 1053 1332 ad
1084 1267 1232 1333 effectum
1255 1268 1400 1332 molatur.

310 1364 384 1440 Quo
399 1367 485 1432 facto
499 1371 692 1458 superiorem
714 1392 831 1457 aquam
846 1393 919 1435 cum
934 1371 1079 1436 sordibus
1094 1372 1135 1436 de
1149 1371 1284 1436 baccino
1298 1367 1400 1434 effun-

308 1468 406 1548 dens;
439 1470 513 1534 inde
542 1492 654 1536 aurum
684 1472 851 1558 diligenter
880 1474 914 1536 in
942 1473 1099 1537 concham
1135 1473 1288 1536 mundam
1317 1472 1398 1536 lava.

310 1571 436 1637 Dehinc
457 1573 626 1639 infundens
644 1575 672 1640 ei
699 1597 814 1661 aquam
837 1597 910 1640 cum
925 1575 1061 1661 pincello
1084 1597 1186 1652 move,
1201 1583 1235 1638 et
1256 1595 1328 1638 cum
1344 1597 1400 1659 per

306 1696 403 1738 unam
419 1675 530 1740 horam
545 1677 578 1739 in
601 1698 697 1741 manu
713 1678 850 1742 tenueris
873 1677 975 1764 ipsam
991 1699 1109 1764 aquam
1130 1677 1162 1740 in
1177 1678 1308 1740 alteram
1323 1699 1397 1740 con-

306 1776 400 1842 cham
425 1778 531 1856 funde,
547 1789 580 1843 et
604 1779 681 1843 illud
706 1779 950 1843 minutissimum
975 1779 1059 1865 quod
1087 1801 1159 1842 curn
1181 1799 1265 1864 aqua
1288 1776 1398 1842 exierit

305 1902 405 1945 serva.
450 1879 652 1968 Rursumque
675 1881 825 1968 impositis
838 1881 923 1969 aqud
944 1904 1036 1967 super
1051 1882 1205 1945 carbones
1227 1880 1344 1945 calefac
1366 1888 1398 1943 et

305 2002 409 2061 move,
423 2003 461 2046 ac
483 1983 566 2047 sicut
587 1983 672 2070 prius
695 1984 850 2048 minutum
865 2005 937 2047 cnm
960 2003 1043 2070 aqua
1066 1983 1154 2068 ejice,
1170 1982 1277 2069 sicque
1299 1981 1398 2045 facias

305 2082 408 2148 donec
418 2086 547 2150 omnino
560 2085 754 2172 purgaveris.
772 2084 920 2149 Posthaec
930 2083 1033 2169 ipsum
1044 2083 1217 2148 minutum¹
1231 2105 1303 2147 cum
1313 2101 1397 2169 aqua

305 2193 337 2250 et
353 2185 466 2251 eodem
481 2187 592 2252 ordine
612 2187 710 2251 biset
731 2187 836 2265 tertio,
852 2186 1003 2273 quicquid
1019 2184 1086 2250 auri
1102 2185 1278 2272 susceperis
1301 2186 1396 2271 priori

304 2286 453 2354 admisce.
499 2288 623 2354 Eodem
650 2289 759 2353 ordine
785 2289 907 2353 lavabis
937 2297 1113 2374 argentum,
1143 2287 1335 2351 auricalcum
1364 2299 1397 2352 et

302 2413 447 2476 cuprum.
492 2391 619 2456 Dehinc
641 2391 715 2456 tolle
738 2389 875 2455 vesicam
898 2389 1003 2476 piscis,
1019 2390 1073 2476 qui
1096 2397 1227 2453 vocatur
1248 2388 1339 2469 huso,
1363 2399 1396 2454 et

303 2494 414 2559 lavans
438 2495 521 2581 aqud
546 2493 654 2580 tepidd
675 2493 780 2574 tertio,
805 2493 908 2557 incide
934 2492 1156 2578 particulatim,
1181 2513 1219 2556 ac
1244 2492 1277 2555 in
1299 2493 1395 2557 ollam

300 2597 501 2682 purissimam
515 2597 644 2662 mittens
659 2618 731 2661 cum
748 2617 842 2682 aqua,
859 2595 927 2659 sine
947 2593 1124 2659 mollificati
1140 2614 1195 2679 per
1209 2603 1348 2673 noctem,
1363 2605 1395 2659 et

300 2697 333 2760 in
363 2699 534 2764 crastinum
559 2721 659 2787 coque
685 2721 779 2786 super
807 2697 961 2762 carbones
983 2702 1019 2758 ut
1047 2716 1112 2757 non
1143 2695 1265 2773 bulliat,
1291 2696 1393 2760 donec

301 2800 415 2883 probes
444 2801 551 2888 digitis
577 2803 650 2880 tuis,
674 2803 701 2866 si
725 2801 893 2878 adhaereat,
916 2809 1043 2862 etcum
1067 2795 1189 2860 fortiter
1214 2794 1392 2878 adhaeserit,

301 2900 420 2964 bonum
436 2910 485 2966 est
499 2904 617 2988 gluten.

534 3271 536 3278 v
597 3352 829 3452 CAPUT
887 3354 1088 3450 XXXI.

350 3567 518 3619 QUOMODO
540 3572 664 3617 AURUU
687 3573 729 3618 ΕΤ
752 3573 939 3618 andanems
964 3574 1000 3616 IN
1025 3573 1138 3620 ulmus
1163 3573 1334 3618 PONA'I'UR.

374 3716 519 3784 OSTEA
534 3723 608 3788 tolle
632 3725 763 3789 minium
779 3747 903 3812 purum,
920 3734 952 3790 et
974 3724 1057 3790 adde
1072 3727 1100 3790 ei
1123 3724 1247 3789 tertiam
1264 3732 1385 3809 partem

373 3822 521 3903 cenobrii,
533 3833 636 3891 terens
646 3849 738 3914 snper
749 3827 898 3914 lapidem,
909 3849 982 3892 curn
994 3849 1086 3914 aqua.
1133 3825 1207 3902 Quo
1223 3825 1387 3912 diligenter

294 3920 379 4001 trito,
394 3932 522 4008 percute
537 3927 655 3992 clarum
671 3950 711 3993 ex
736 3928 884 4016 albugine
899 3929 961 4008 ovi,
983 3929 1016 3992 in
1032 3939 1139 3994 aestate
1155 3949 1227 3992 cum
1243 3947 1336 4013 equa,
1352 3927 1384 3988 in

667 4115 699 4144 ¹“
710 4116 808 4178 relava,”
819 4134 845 4168 cc
858 4119 914 4168 Ood
927 4118 1026 4182 eulpa.
