3140 5152
641 464 832 510 TrssroPlssffl
857 465 960 510 mnan
984 465 1036 508 lll.

596 832 826 930 CAPUT
883 832 1075 928 LXIX.

467 1084 639 1137 Quaerens
661 1084 862 1130 seramus
883 1084 1007 1130 AURU!
1030 1086 1052 1129 A
1076 1087 1199 1131 CUPRO.

372 1232 471 1298 UOD
494 1234 520 1297 si
542 1235 712 1320 aliquando
734 1255 812 1297 vasa
838 1255 954 1320 cuprea
981 1257 1038 1298 seu
1059 1242 1210 1322 argentea
1231 1233 1392 1298 deaurata

392 1336 531 1422 fregeris,
561 1337 610 1400 vel
635 1337 718 1400 eliud
745 1337 911 1425 quodlibet
936 1359 1027 1424 opus,
1058 1338 1119 1401 hoe
1144 1337 1241 1401 modo
1270 1357 1390 1400 aurum

289 1459 434 1524 separare
453 1438 579 1523 poteris.
622 1438 711 1503 Tolle
731 1461 805 1504 ossa
827 1441 1054 1528 cujuscumque
1074 1441 1218 1504 animalis
1239 1440 1390 1518 volneris,

289 1561 359 1628 quse
374 1561 429 1626 per
444 1542 581 1627 plateam
596 1541 758 1620 inveneris,
781 1551 813 1606 et
830 1541 980 1621 conbure,
995 1564 1067 1628 quse
1083 1543 1266 1628 refrigerata
1281 1542 1390 1604 minu-

288 1642 379 1706 tatim
395 1651 469 1721 tere,
492 1653 523 1706 et
537 1643 658 1707 tertiam
676 1653 799 1729 partem
814 1645 953 1707 cinemm
969 1665 1010 1708 ex
1025 1645 1100 1730 fago
1115 1643 1264 1723 admisce,
1285 1652 1318 1707 et
1333 1641 1388 1707 fae

288 1753 386 1808 testas
400 1745 482 1808 sicut
496 1745 527 1808 iu
548 1746 743 1830 purificando
764 1755 897 1832 argento
911 1757 948 1810 ut
961 1747 1103 1832 superius
1124 1745 1278 1824 diximus3
1301 1767 1389 1832 quas

288 1847 361 1931 igne
387 1847 453 1910 sive
477 1846 542 1910 sole
566 1847 708 1912 siccabis.
762 1848 888 1912 Deinde
914 1869 1024 1912 aumm
1051 1871 1070 1912 a
1096 1871 1194 1934 cupro
1217 1849 1389 1934 diligenter

288 1948 433 2026 abrades,
456 1957 487 2012 et
501 1949 602 2033 ipsam
624 1971 764 2014 mauram
788 1951 992 2036 complicabis
1006 1950 1039 2014 in
1054 1950 1184 2037 plumbo
1205 1961 1298 2014 tenue
1312 1973 1388 2036 per-

288 2071 390 2128 cusso,
411 2057 507 2137 atque
521 2071 585 2114 una
600 2071 640 2114 ex
654 2053 743 2116 testis
758 2053 818 2116 illis
833 2073 941 2117 coram
957 2053 1085 2117 fornace
1100 2055 1208 2140 prunis
1224 2055 1386 2139 impositu,

281 2151 351 2236 jam
373 2173 434 2239 que
454 2152 614 2217 calefactae
636 2153 737 2239 ipsam
758 2155 1016 2241 complicatumm
1037 2156 1158 2241 plumbi
1182 2177 1254 2220 eum
1276 2175 1387 2218 rasura

287 2253 441 2339 impones,
462 2263 494 2318 et
508 2257 690 2342 superjectis
705 2256 894 2321 carbonibus
909 2257 1074 2322 conflabis.
1120 2257 1266 2344 Cumque
1281 2257 1386 2344 lique-

287 2358 408 2422 factum
422 2357 525 2437 fuerit,
537 2379 575 2422 eo
587 2358 683 2423 modo
696 2380 759 2445 quo
775 2359 855 2422 solet
866 2367 1032 2444 argentum
1045 2359 1212 2444 purificari,
1224 2357 1384 2423 interdum

287 2481 403 2546 prunas
417 2461 595 2526 amovendo
610 2473 642 2525 et
657 2461 821 2547 plumbum
835 2461 993 2541 addendo,
1007 2462 1163 2526 interdum
1182 2462 1385 2548 recoquendo

287 2573 319 2628 et
338 2570 464 2630 morose
485 2563 591 2627 flando
614 2564 790 2642 combures,
813 2563 916 2628 donec
935 2586 1033 2651 cupro
1056 2565 1181 2651 penitus
1203 2563 1386 2650 absumpto,

287 2687 400 2752 purum
417 2689 527 2731 aurum
544 2675 704 2752 appareat.

661 2975 916 2988 ,,,,....,.......,........
929 2975 1085 2984 ..--...-...

613 3208 845 3308 CAPUT
902 3207 1054 3304 uxi

432 3433 601 3481 QUOMODO
625 3431 823 3476 sesamon
848 3429 969 3472 AURUM
992 3429 1038 3472 AB
1062 3427 1228 3470 ARGENTO.

360 3581 429 3643 UM
448 3581 558 3645 reseris
575 3603 686 3644 aumm
700 3580 742 3643 de
757 3587 899 3664 argento,
915 3579 1061 3665 imponas
1076 3579 1177 3664 ipsam
1193 3595 1334 3640 rasuram
1350 3574 1387 3637 in

378 3683 552 3762 vasculum,
574 3683 606 3748 in
622 3705 685 3770 quo
701 3682 781 3746 solet
796 3701 907 3745 aurum
922 3681 971 3744 vel
987 3688 1153 3766 argentum
1168 3677 1329 3765 liquefieri,
1352 3686 1387 3741 et

284 3807 378 3870 super
393 3784 524 3870 inprime
545 3785 748 3871 panniculum
762 3783 891 3862 lineum,
915 3805 954 3847 ue
970 3783 1051 3847 forte
1066 3781 1143 3868 quid
1164 3780 1237 3843 inde
1252 3777 1386 3842 eiciatur

285 3895 413 3952 avanto
429 3887 522 3966 follis,
544 3895 641 3974 atque
662 3907 771 3951 coram
792 3885 919 3949 fornace
939 3905 1060 3970 ponens
1080 3882 1235 3968 liquefac;
1259 3891 1291 3944 et
1305 3901 1384 3944 mox

283 3991 441 4077 fragmina
474 3991 632 4077 sulphuris
667 3990 793 4075 inpone,
833 3986 1005 4052 secundum
1042 3985 1250 4072 quantitatem
1284 3981 1385 4068 ipsius

284 4115 409 4172 rasurae,
440 4103 473 4158 et
494 4115 568 4156 cum
590 4093 728 4157 carbone
757 4090 865 4176 gracili
887 4089 1052 4175 diligenter
1074 4107 1249 4164 commove,
1279 4085 1384 4148 donec

284 4197 388 4262 fumus
419 4198 486 4284 ejus
514 4205 617 4260 cesset
631 4221 639 4275 ;
674 4195 781 4258 statim
810 4191 937 4257 effunde
971 4193 1002 4254 in
1034 4191 1149 4255 sermm
1184 4187 1384 4251 infusorium.

285 4299 410 4364 Deinde
437 4323 530 4386 super
555 4299 702 4362 incudem
729 4297 838 4361 leuiter
862 4302 1000 4382 percute,
1026 4315 1065 4356 ne
1093 4293 1173 4355 sorte
1202 4290 1278 4377 quid
1307 4289 1383 4354 inde

283 4404 397 4467 resiliat
409 4403 452 4466 illi
466 4403 556 4489 nigri,
568 4401 653 4488 quod
667 4399 796 4486 sulphur·
812 4397 995 4476 combussit,
1008 4395 1081 4482 quia
1098 4396 1201 4479 ipsum
1213 4401 1379 4478 argentum
