3236 5144
287 517 350 580 202
585 537 761 582 rnonoeus
784 538 820 580 ra
845 539 978 582 eranum
1001 537 1167 580 rnarruu.

339 685 428 754 Nam
439 707 531 776 pene
548 708 670 756 omnes
686 687 861 778 impensas
886 685 1020 766 domus,
1043 687 1144 775 cujus
1170 683 1243 775 ipse
1260 689 1383 753 auctor

285 801 360 871 fieri
390 799 632 870 ardentissimo
661 801 832 871 desiderio
850 802 1060 893 concupivit,
1079 800 1141 868 sed
1159 821 1221 891 pro
1238 798 1383 868 humani

285 916 462 1008 sanguinis
481 913 564 985 licet
589 915 708 985 hostili
726 917 849 987 crebra
875 926 996 988 tamen
1022 914 1191 986 effinione
1215 937 1285 983 non
1311 936 1384 982 me-

285 1033 365 1112 ruit,
383 1033 419 1101 in
449 1055 545 1114 auro,
569 1041 607 1102 et
632 1039 788 1125 argento,
807 1055 874 1101 aere
901 1041 939 1101 et
965 1032 1066 1112 ferro,
1097 1029 1276 1102 Salomoni
1311 1029 1383 1098 filio

285 1148 471 1240 delegavit.
525 1147 677 1240 Legerat
691 1171 842 1240 namque
856 1150 893 1217 in
905 1147 1041 1228 Exodo,
1054 1145 1250 1216 Dominum
1269 1142 1384 1235 Moysi

285 1265 331 1333 de
348 1265 608 1334 constructione
634 1263 852 1334 tabernaculi
870 1263 1079 1333 mandatum
1096 1261 1242 1342 dedisse,
1261 1267 1298 1329 et
1311 1281 1385 1328 ma·

286 1381 411 1472 gistros
427 1403 574 1472 operum
592 1403 638 1450 ex
656 1380 798 1450 nomine
816 1380 973 1472 elegisse,
992 1401 1123 1470 eosque
1150 1378 1275 1469 spiritu
1296 1375 1385 1466 sapi-

287 1496 391 1566 entiae
425 1505 462 1566 et
497 1495 740 1590 intelligentiae
775 1505 812 1566 et
846 1495 1001 1566 scientiae
1022 1495 1060 1563 in
1095 1493 1191 1563 omni
1226 1491 1384 1562 doctrina

288 1611 450 1704 implesse
476 1611 519 1682 ad
546 1611 820 1704 excogitandum
843 1619 881 1680 et
908 1609 1108 1680 faciendum
1134 1631 1221 1701 opus
1237 1610 1275 1680 in
1300 1629 1384 1676 auro

288 1738 325 1798 et
342 1737 490 1822 argento
514 1737 551 1798 et
579 1751 655 1808 aere,
684 1727 844 1820 gemmis,
868 1724 974 1820 ligno,
1001 1735 1038 1796 et
1069 1726 1221 1796 universi
1247 1723 1384 1817 generis

287 1851 373 1924 arte,
399 1852 614 1934 noveratque
638 1844 698 1935 pia
727 1842 1007 1914 consideratione
1037 1841 1157 1911 Deum
1184 1839 1385 1932 hujusmodi

288 1966 414 2028 ornatu
435 1957 613 2039 delectari,
635 1981 741 2050 quem
770 1961 924 2029 construi
951 1959 1161 2051 disponebat
1186 1955 1386 2048 magisterio

287 2083 326 2144 et
350 2073 563 2142 auctoritate
589 2072 740 2165 Spiritus
764 2075 886 2155 sancti,
907 2075 1145 2165 credebatque
1162 2073 1294 2163 absque
1311 2070 1386 2162 ejus

288 2189 456 2259 instinctu
490 2187 578 2258 nihil
611 2189 813 2281 hujusmodi
857 2211 1070 2281 quemquam
1114 2210 1217 2280 posse
1260 2185 1385 2258 moliri.

289 2304 520 2398 Quapropter,
546 2305 773 2377 dilectissime
799 2303 878 2387 Fili,
896 2327 967 2376 non
984 2307 1168 2388 cuncteris,
1195 2304 1257 2376 sed
1282 2301 1387 2394 plena

289 2421 359 2490 fide
382 2422 495 2502 crede,
514 2423 675 2515 spiritum
693 2421 763 2494 Dei
791 2445 851 2493 cor
877 2432 978 2492 tunm
1004 2421 1179 2515 implesse,
1205 2442 1287 2490 eum
1313 2417 1387 2508 ejus

289 2539 420 2608 ornasti
446 2539 591 2610 domurn
619 2549 719 2611 tanto
744 2540 880 2620 decore,
906 2549 1076 2631 tantaque
1103 2560 1248 2630 operum
1279 2535 1388 2606 varie-

289 2659 386 2734 tate;
422 2662 459 2722 et
494 2675 539 2722 ne
573 2651 664 2725 forte
698 2653 843 2734 diffidas,
866 2656 934 2723 nli
950 2679 973 2724 n
1012 2656 1078 2724 evi
1113 2653 1386 2732 demiratione,

289 2768 453 2858 quicquid
468 2769 611 2852 discere,
625 2769 832 2864 intelligere,
844 2771 900 2842 vel
914 2772 1115 2864 excogitare
1126 2771 1234 2864 possis
1247 2771 1386 2850 artium,

290 2881 501 2972 septiformis
519 2885 660 2975 spiritus
676 2886 825 2977 gratiam
846 2886 912 2955 tibi
928 2886 1137 2956 ministrare.

342 3257 428 3328 ¹Per
440 3260 602 3352 spiritum
616 3263 796 3355 sapientiae
810 3265 1021 3356 cognoscisa
1035 3263 1115 3333 Deo
1128 3275 1257 3358 cuncta
1270 3272 1389 3336 creata

290 3375 488 3465 procedere,
516 3386 553 3448 et
578 3379 652 3450 sine
678 3381 752 3471 ipso
778 3379 865 3449 nihil
891 3401 985 3462 esse;
1013 3403 1076 3472 per
1101 3382 1264 3474 spiritum
1284 3381 1389 3451 intel-

291 3488 404 3560 lectus
421 3494 544 3584 cepisti
563 3496 795 3588 capacitatem
818 3496 959 3587 ingenii,
978 3520 1047 3587 quo
1064 3497 1195 3578 ordine,
1214 3520 1283 3588 qua
1301 3497 1390 3565 vari·

291 3611 396 3683 etate,
424 3628 492 3694 qua
518 3631 680 3680 mensura
697 3611 812 3680 valeas
837 3611 997 3680 insistere
1023 3613 1159 3682 diverso
1182 3613 1299 3704 operi3
1325 3633 1390 3704 per

290 3717 453 3807 spiritum
479 3723 612 3794 consilii
638 3725 813 3795 talentum
840 3749 861 3794 a
888 3725 967 3795 Deo
993 3728 1059 3797 tibi
1087 3750 1291 3798 concessum
1318 3749 1389 3796 non

332 3913 339 3946 ¹
362 3915 442 3975 Nota
456 3919 715 3980 conformationem
737 3935 850 4001 septem
865 3925 1036 4004 spiritorum
1057 3946 1125 3986 cum
1137 3941 1252 4007 septem
1266 3946 1390 4006 operum

291 4009 504 4072 artibus-Ex
518 4015 589 4076 Ms.
605 4015 726 4076 Harleo.
