3168 5140
639 485 831 532 annorum
855 485 960 534 uun
982 487 1037 530 111.

618 737 852 834 CAPUT
910 737 1047 834 cxl.
1083 745 1090 775 ¹

430 952 477 996 DE
499 953 611 998 GUPRO
632 955 751 1000 Funus
774 955 994 1000 cruentemus
1017 951 1245 999 unumne.

289 1095 398 1264 EX
415 1097 495 1163 fellis
509 1099 701 1186 pinguedine
721 1101 749 1165 si
763 1123 897 1187 cuprum
912 1101 1027 1188 quaeris
1041 1100 1193 1164 deaurare
1208 1096 1285 1160 illud
1299 1095 1388 1182 prius

407 1202 534 1265 cultello
548 1202 635 1282 rade,
649 1224 688 1265 ac
709 1202 824 1266 deinde
845 1225 919 1266 cum
940 1203 1050 1265 ursino
1065 1201 1160 1264 dente
1176 1199 1292 1264 festina
1306 1197 1388 1262 luci-

288 1298 366 1364 dum
379 1300 482 1366 facere
491 1328 500 1382 ;
524 1313 556 1368 et
571 1303 633 1368 hoc
655 1305 751 1384 facto,
767 1305 849 1368 fellis
871 1303 1097 1391 pinguedinem
1112 1325 1206 1388 super
1220 1300 1299 1364 illud
1313 1322 1389 1363 cum

290 1401 424 1488 pincello
439 1403 541 1468 facete
563 1406 663 1485 trahe,
685 1427 822 1492 cumque
844 1406 964 1469 siccata
985 1404 1079 1469 fuerit
1093 1404 1207 1467 iterum
1222 1412 1318 1488 atque
1333 1403 1391 1465 ite-

290 1525 361 1568 rum
382 1506 482 1584 trahe,
500 1529 594 1594 super
608 1509 692 1572 hanc
710 1509 844 1572 eandem
863 1507 1100 1594 pinguedinem,
1123 1515 1155 1570 et
1169 1527 1248 1570 cave
1262 1526 1303 1568 ne
1317 1504 1390 1589 plue

289 1606 395 1670 trahae
418 1608 587 1692 pincellum
610 1611 643 1672 in
667 1633 765 1673 unum
789 1610 896 1674 locum
920 1632 1020 1696 quam
1042 1609 1076 1672 in
1100 1609 1244 1686 alterum,
1268 1607 1324 1670 sed
1348 1607 1392 1669 sit

290 1711 450 1796 equaliter
471 1711 552 1774 fellis
574 1712 695 1799 liquore
717 1722 913 1798 coopertum.
959 1712 1010 1776 Ne
1032 1711 1090 1776 tibi
1106 1712 1251 1776 videatur
1273 1709 1390 1774 falsum

291 1812 378 1897 quod
398 1811 480 1891 dicu,
502 1813 556 1898 qui
575 1813 658 1879 hanc
673 1823 774 1880 artem
790 1837 897 1880 veram
912 1836 985 1880 esee
1000 1812 1144 1901 probavi,
1162 1822 1259 1898 atque
1278 1809 1391 1876 auxili-

290 1920 364 1978 ante
379 1913 450 1992 deo,
465 1914 520 1999 qui
535 1913 607 1978 fone
621 1923 671 1978 est
685 1917 861 2002 sapientia,
876 1917 1066 2002 excogitari.

510 2341 557 2384 DE
579 2341 862 2386 TEMPBRAMEN'I'O
885 2342 1016 2386 VESIGAE
1038 2342 1163 2388 usum.

374 2486 547 2553 ESIOAM
578 2488 708 2554 husonis
738 2488 889 2552 mollifica
910 2488 943 2552 in
967 2510 1051 2575 equa
1080 2489 1183 2553 donec
1212 2511 1284 2554 eam
1309 2491 1393 2555 inter

394 2611 508 2654 manus
532 2589 700 2675 pinsendo,
720 2611 760 2654 err
785 2611 824 2654 aa
851 2589 950 2654 faciae
975 2589 1067 2676 quasi
1089 2597 1242 2670 cerotum,
1256 2600 1289 2655 et
1314 2600 1393 2656 tunc

291 2693 381 2756 mitte
392 2713 463 2755 eam
478 2692 511 2756 in
522 2691 618 2755 ollam
632 2691 665 2754 in
680 2690 934 2776 limpidissimam
945 2712 1073 2777 aquam,
1085 2699 1118 2755 et
1132 2713 1215 2777 pone
1226 2693 1267 2756 ad
1284 2692 1393 2757 focum

291 2803 327 2860 ut
341 2817 406 2859 non
420 2794 548 2876 bulliat3
572 2795 629 2860 sed
645 2803 770 2862 tantum
792 2795 932 2861 calorem
948 2795 1067 2862 lrabeat
1080 2804 1117 2860 ut
1129 2795 1344 2882 liquefactam,
1358 2797 1393 2860 in

292 2917 409 2983 aquam
435 2905 645 2960 convertatur.
688 2897 773 2960 Dein
798 2897 871 2960 cola
895 2917 964 2960 eam
991 2918 1048 2981 per
1069 2897 1222 2961 mundum
1248 2919 1394 2982 pannum

292 2998 324 3060 in
339 2997 466 3083 pelvim,
488 3005 521 3061 et
535 2997 603 3061 sine
626 2997 712 3084 quod
727 2997 760 3060 in
776 2997 893 3082 frigido
912 2995 985 3060 loco
1000 2997 1041 3060 ad
1058 3005 1188 3060 ventum
1209 2997 1344 3062 accedat
1357 3007 1396 3062 ut

292 3098 384 3186 quasi
405 3100 560 3185 coagulet.
606 3097 691 3162 Cum
714 3098 847 3184 digitum
878 3117 973 3188 super
997 3119 1120 3182 ponens
1141 3099 1335 3184 inpreaseris,
1365 3101 1395 3165 si

293 3201 396 3266 viscus
412 3201 528 3266 resistit
541 3209 574 3264 et
588 3200 630 3263 ab
646 3200 699 3262 illa
712 3198 921 3285 impressione
934 3219 998 3262 non
1015 3198 1180 3284 frangitur,
1198 3201 1334 3287 liquefac
1350 3203 1394 3267 ad

291 3306 409 3391 ignem,
431 3315 463 3369 et
476 3304 573 3368 funde
589 3323 683 3387 super
697 3321 808 3365 aurum
824 3307 856 3362 et
870 3319 999 3384 operare
1014 3297 1047 3362 in
1061 3307 1155 3386 stupa
1169 3299 1264 3364 nimls
1278 3301 1394 3366 calida.

293 3405 327 3471 Si
343 3416 450 3470 autem
465 3407 570 3470 viscus
585 3404 680 3468 nimis
695 3409 871 3466 crassescat
887 3399 1020 3462 admitte
1036 3420 1148 3486 parum
1164 3421 1255 3487 aquae
1270 3409 1302 3465 et
1316 3423 1396 3488 ope·

293 3531 371 3572 rare.
416 3508 450 3572 Si
465 3518 572 3572 autem
587 3517 653 3570 tam
674 3505 778 3568 mollis
794 3503 834 3566 sit
848 3500 935 3589 quod
949 3523 1015 3565 non
1030 3501 1132 3587 possit
1152 3501 1395 3590 impressionem

293 3609 383 3694 digiti
398 3618 584 3686 sustentare,
593 3627 695 3693 coque
714 3605 828 3668 mclirls
843 3603 885 3666 ad
899 3603 1007 3688 ignem
1022 3601 1114 3668 facile
1128 3603 1245 3690 poteris
1260 3615 1292 3670 et
1305 3605 1395 3672 hunc

292 3709 414 3772 viscum
435 3709 555 3772 mollire
571 3709 697 3770 firmum
713 3706 826 3769 facere.
872 3705 1047 3790 Nunquam
1063 3705 1184 3789 gummi
1199 3705 1300 3771 addas
1315 3727 1395 3772 auro

294 3812 343 3876 vel
358 3809 428 3874 aliis
450 3807 605 3873 metallis:
630 3807 716 3872 Nam
738 3805 801 3871 citt
817 3805 911 3869 cadet
925 3805 1089 3892 quidquid,
1112 3807 1144 3870 id
1159 3809 1275 3892 gravis,
1297 3831 1339 3874 ex
1354 3832 1395 3875 eo

225 3973 230 3980 .
293 3913 483 4002 glutinatum
497 3909 566 3989 erit,
588 3909 729 3995 exceptis
745 3907 911 3985 coloribus,
934 3907 989 3992 qui
1004 3907 1100 3971 etiam
1115 3929 1179 3972 non
1194 3911 1397 3995 perstabunt,

294 4015 353 4080 nisi
368 4014 487 4101 optime
501 4019 703 4077 conterantur
718 4017 750 4073 et
764 4007 947 4071 tenuissime
962 4007 1049 4071 libris
1064 4008 1245 4075 illiniuntur.

698 4149 706 4180 ¹
724 4153 740 4178 ‘⁸
750 4149 835 4198 liraelii
843 4148 856 4170 ”
866 4163 919 4212 cap.
930 4157 968 4198 ert.
