3216 5138
290 520 350 584 128
652 539 841 585 rasorium
866 539 969 584 masa
992 539 1028 584 rr.

286 691 408 778 lignum
426 692 555 778 aequale,
571 692 777 778 aperiensque
796 693 829 754 in
849 713 887 754 ea
907 705 996 778 parte
1016 713 1080 778 qua
1099 691 1210 754 lissum
1231 697 1290 766 est,
1305 687 1385 752 dila-

286 795 370 858 tabis
396 785 428 857 et
450 815 523 857 cum
549 793 667 880 forcipe
693 794 867 858 secundum
893 794 1017 858 libitum
1041 793 1191 880 aequabis.
1237 789 1386 876 Cumque

287 896 417 961 omnino
437 905 596 982 aquatum
617 895 719 974 fuerit,
742 918 816 960 mox
839 895 966 981 ejiciens
991 896 1064 960 iude
1087 895 1176 958 mitte
1199 895 1232 957 in
1257 893 1385 957 furnum

287 999 437 1084 refrigerii
459 997 581 1062 modice
604 997 802 1076 calefactum,
826 998 871 1064 sic
895 1007 930 1062 ut
954 1019 1017 1061 non
1038 999 1156 1083 jaceat,
1179 997 1235 1061 sed
1258 1004 1321 1059 stet
1342 992 1385 1056 ad

287 1099 438 1184 parietem
457 1101 526 1185 ejus
546 1101 665 1178 tabula,
680 1101 776 1185 juxta
790 1122 885 1187 quam
906 1107 1025 1162 statues
1046 1107 1079 1162 et
1093 1100 1188 1162 aliam
1203 1097 1270 1184 pari
1287 1095 1385 1160 modo

286 1211 453 1287 aequatam,
473 1223 511 1266 ac
535 1202 657 1266 tertiam
682 1213 715 1266 et
739 1203 876 1288 reliquas
898 1222 1018 1265 omnes.
1064 1199 1145 1274 Quae
1168 1221 1240 1263 cum
1262 1197 1386 1282 frigidae

288 1304 412 1383 suerint,
433 1314 520 1369 utere
541 1304 585 1368 eis
608 1305 641 1368 in
663 1304 890 1389 componendis
909 1303 1054 1367 fenestris
1075 1300 1225 1366 findendo
1249 1298 1385 1385 particu-

287 1405 374 1468 latim
390 1407 522 1492 qualiter
537 1406 679 1471 volueris.

669 2055 897 2152 CAPUT
947 2055 1002 2149 X.

530 2281 699 2332 QUOMODO
724 2281 826 2324 staur
850 2280 937 2324 VASA
961 2280 1006 2322 DE
1031 2279 1142 2323 Vl'l'llO.

369 2435 453 2500 ASA
471 2457 546 2500 vero
566 2434 707 2500 facturus
729 2455 884 2520 compone
899 2435 1012 2498 vitrum
1029 2433 1138 2498 ordine
1153 2455 1217 2520 quo
1233 2456 1338 2521 supra,
1354 2445 1387 2499 et

398 2561 471 2603 cum
494 2537 668 2602 sufflaveris
691 2537 866 2601 secundum
888 2537 1095 2624 quantitatem
1118 2558 1217 2623 quam
1240 2538 1385 2617 volueris,

287 2666 351 2708 non
367 2641 463 2706 facies
483 2641 624 2704 foramen
645 2641 677 2703 in
698 2639 796 2704 fundo
816 2639 899 2702 sicut
917 2640 1068 2725 superius,
1083 2639 1139 2703 sed
1159 2639 1319 2725 integrum
1340 2641 1386 2704 ita

288 2743 449 2831 separabis
471 2765 490 2808 a
512 2744 617 2807 fistula
639 2765 712 2808 cum
735 2742 822 2829 ligno
845 2763 935 2830 aquae
959 2741 1101 2821 intincto,
1123 2763 1221 2828 quam
1245 2743 1386 2806 fistulam

288 2868 363 2910 mox
379 2846 564 2910 calefactam
582 2845 740 2909 adhaerere
755 2845 851 2909 facies
865 2845 898 2907 in
913 2843 982 2930 ipso
998 2843 1109 2907 fundo.
1155 2843 1295 2908 Elevans
1311 2868 1386 2911 vero

288 2969 355 3027 vas,
370 2947 535 3011 calefacies
549 2947 582 3010 in
597 2946 737 3026 flamma,
752 2955 785 3010 et
799 2968 874 3010 cum
888 2945 974 3032 ligno
990 2945 1125 3010 rotundo
1140 2945 1288 3010 dilatabis
1303 2948 1386 3012 fora-

288 3071 361 3112 men
387 3048 463 3112 illud
486 3048 571 3112 unde
592 3049 742 3112 fistulam¹
770 3048 944 3113 secundum
970 3047 1078 3112 libitus
1099 3056 1183 3126 tuos,
1207 3049 1385 3135 amplifica-

288 3151 399 3236 bisque
414 3150 497 3215 circa
511 3151 650 3214 fistulam
666 3149 800 3214 fundum
815 3160 851 3213 ut
868 3150 997 3214 inferius
1017 3172 1130 3214 cavum
1150 3151 1201 3213 sit
1247 3149 1345 3226 Quod
1359 3154 1386 3216 si

288 3253 422 3318 volueris
441 3263 542 3317 *ansas
568 3253 601 3315 iu
626 3275 664 3317 eo
690 3253 803 3333 facere,
829 3253 945 3340 quibus
970 3253 1071 3339 possit
1099 3253 1248 3339 pendere,
1276 3254 1386 3340 accipe

287 3356 403 3442 gracile
415 3355 541 3434 ferrum,
557 3364 590 3420 et
604 3355 732 3420 mittens
743 3355 820 3419 illud
833 3365 1050 3420 summotenus
1065 3355 1098 3418 in
1108 3376 1166 3419 vas
1178 3353 1259 3434 vitri,
1271 3377 1345 3420 cum
1357 3357 1386 3420 ei

288 3458 447 3522 modicum
473 3457 650 3538 adhaeserit,
673 3457 818 3522 auferens
840 3479 923 3544 pone
950 3478 1045 3543 super
1068 3479 1134 3536 vas,
1160 3457 1193 3522 in
1219 3479 1285 3544 quo
1312 3459 1385 3524 loco

287 3558 449 3643 placuerit,
475 3568 605 3623 etcum
635 3559 810 3638 adhaeserit,
836 3559 1002 3624 calefacies
1031 3569 1066 3622 ut
1095 3557 1226 3623 firmiter
1256 3557 1385 3625 haereat.

289 3659 353 3723 Fac
375 3683 415 3725 ex
437 3661 486 3725 his
509 3663 594 3726 ansis
614 3661 700 3749 quod
721 3661 807 3739 velis,
827 3661 950 3726 interim
972 3671 1083 3724 tenens
1104 3681 1160 3724 vas
1179 3661 1273 3746 juxta
1292 3661 1385 3726 flam-

287 3783 373 3825 mam
402 3772 438 3826 ut
469 3763 606 3828 calidum
641 3764 681 3827 ait
714 3786 774 3828 nec
807 3773 915 3828 tamen
949 3764 1112 3850 liquescat.
1157 3761 1257 3827 Aufer
1286 3764 1384 3828 etiam

287 3864 447 3929 modicum
463 3864 531 3930 vitri
547 3888 567 3930 a
582 3867 673 3931 furno
688 3867 733 3931 ita
748 3877 782 3930 ut
797 3866 885 3930 filum
900 3875 972 3952 post
989 3889 1022 3929 se
1038 3865 1153 3944 trahat,
1169 3874 1202 3929 et
1218 3865 1386 3952 adponens

288 3967 353 4028 vasi
380 3967 412 4029 iu
438 3989 502 4054 qno
531 3969 601 4049 loco
628 3971 772 4050 volueris,
797 3969 1007 4033 circumvolve
1032 3969 1126 4053 juxta
1155 3967 1320 4032 flammam
1350 3981 1387 4035 ut

287 4067 454 4133 adhaereat.
509 4071 583 4146 Quo
612 4073 697 4138 facto
727 4071 900 4136 secundum
930 4069 1191 4134 consuetudinem
1221 4073 1385 4138 amovebis

287 4171 433 4251 fistulam,
458 4175 584 4239 mittens
608 4199 663 4240 vas
687 4175 716 4237 in
741 4173 865 4238 furnum
889 4172 1038 4258 refrigerii
1051 4197 1059 4252 ;
1084 4181 1180 4260 atque
1203 4172 1264 4237 hoc
1288 4176 1386 4239 modo

287 4275 475 4358 operaberis,
492 4287 644 4362 quantum
662 4279 745 4340 velis.

652 4481 657 4510 ¹
676 4487 689 4508 ‘⁴
700 4481 829 4543 scparurti,''
843 4483 867 4529 0.
887 4481 1009 4544 Ouelplar.
