3220 5138
294 491 334 553 34
658 517 846 562 susurrum
870 516 972 562 cisen
996 519 1018 561 r.

294 684 374 748 opus
390 673 479 727 tuum
496 664 652 744 festinare,
669 687 756 731 sume
768 671 898 752 gummi,
915 668 999 755 quod
1010 669 1074 733 exit
1089 669 1129 731 de
1144 667 1258 731 arbore
1274 687 1385 730 ceraso

293 763 359 827 sive
383 787 495 849 pruno,
511 777 542 830 et
567 769 738 834 concidens
753 770 828 834 illud
851 771 1030 835 minutatim
1047 792 1129 855 pone
1151 769 1183 832 in
1199 791 1255 834 vas
1278 768 1385 848 fictile,

292 871 324 926 et
339 886 455 951 aquam
477 868 677 934 abundanter
697 871 839 950 infunde,
855 882 887 935 et
909 893 990 957 pone
1013 873 1053 936 ad
1077 873 1187 950 solem,
1202 870 1269 934 sive
1290 890 1385 954 super

291 966 445 1033 carbones
459 969 492 1033 in
507 970 622 1050 hieme,
636 972 740 1037 donec
764 973 905 1060 liquefiat
921 973 1054 1060 gummi,
1076 983 1108 1037 et
1133 973 1221 1058 ligno
1245 971 1384 1036 rotundo

292 1066 473 1132 commisce.
518 1070 644 1136 Deinde
658 1073 729 1138 cola
751 1095 807 1158 per
820 1097 972 1160 pannum,
988 1085 1020 1139 et
1039 1075 1112 1139 inde
1126 1084 1192 1139 tere
1206 1074 1328 1138 colores
1351 1083 1384 1136 et

291 1163 430 1252 impone.
475 1169 598 1236 Omnes
613 1173 734 1239 colores
755 1183 788 1239 et
808 1175 952 1240 mixturae
975 1198 1084 1240 eorum
1100 1175 1162 1240 hoc
1179 1174 1300 1260 gummi
1326 1173 1383 1236 teri

290 1277 323 1330 et
349 1271 424 1355 poni
450 1283 592 1356 possunt,
615 1285 727 1360 praeter
750 1278 882 1342 minium
904 1287 937 1341 et
961 1299 1103 1342 cerosam
1129 1286 1161 1340 et
1183 1275 1313 1354 carmIn,
1329 1274 1383 1361 qui

290 1370 374 1434 claro
389 1373 440 1436 ovi
464 1376 583 1440 terendi
607 1386 639 1440 et
665 1379 803 1462 ponendi
826 1389 909 1444 sunt.
956 1381 1065 1444 Viride
1087 1378 1294 1464 Hispanicum
1319 1399 1382 1440 non

291 1471 460 1539 misceatur
483 1499 560 1540 suco
584 1479 643 1542 sub
665 1480 797 1565 glutine,
811 1483 866 1546 sed
891 1503 945 1568 per
969 1503 1002 1545 se
1025 1503 1098 1546 cum
1121 1481 1240 1568 gummi
1264 1479 1385 1565 glutine

290 1585 434 1657 ponatur.
480 1579 574 1644 Aliud
590 1603 664 1645 vero
680 1583 811 1647 miscere
825 1593 926 1670 potes,
942 1584 969 1647 si
985 1584 1131 1648 volueris·

557 2065 786 2161 CAPUT
846 2066 1111 2162 XXVIII.

463 2291 629 2341 Qtto'rlurts
649 2292 752 2336 IIDEM
775 2291 923 2336 COLORES
944 2290 1096 2336 PONENDI
1121 2290 1208 2332 SINT.

371 2443 498 2508 MNES
521 2447 652 2526 colores,
668 2449 733 2512 sive
749 2449 819 2512 oleo
841 2449 906 2512 sive
927 2447 1045 2534 gummi
1062 2447 1163 2524 tritos,
1178 2445 1209 2506 in
1225 2444 1312 2529 ligno
1335 2455 1382 2508 ter

383 2548 480 2611 debes
506 2570 632 2634 ponere,
648 2559 680 2613 et
703 2549 825 2636 pictura
846 2549 986 2636 perfecta
1007 2558 1103 2635 atque
1125 2547 1252 2625 siccata,
1274 2546 1381 2610 delato

229 2731 234 2744 ι
289 2672 383 2735 opere
399 2650 439 2713 ad
456 2651 565 2729 solem,
580 2651 748 2737 diligenter
762 2653 852 2716 linies
873 2652 993 2737 glutine
1008 2651 1172 2726 vernition,
1189 2658 1308 2711 etcum
1324 2649 1380 2712 de-

288 2750 385 2814 fluere
400 2753 530 2836 coeperit
544 2774 563 2814 a
578 2754 693 2833 calore,
709 2754 819 2817 leniter
836 2775 932 2817 manu
956 2753 1092 2830 fricubis,
1109 2760 1205 2836 atque
1221 2749 1312 2814 tertio
1335 2749 1382 2812 sic

290 2851 396 2930 facim,
411 2863 443 2915 et
458 2863 532 2917 tunc
548 2855 616 2918 sine
630 2855 732 2918 donec
748 2855 874 2940 penitus
890 2855 1073 2919 exsiccetur.
1293 2855 1300 2866 '

600 3323 830 3420 CAPUT
875 3324 1068 3420 XXIX.

606 3547 651 3590 DE
674 3547 821 3592 PICTURA
843 3547 1092 3592 rnnnsaucmn.

290 3700 408 3852 FIT
423 3703 518 3766 etiam
534 3703 656 3787 pictura
671 3701 702 3764 in
717 3702 814 3786 ligno,
824 3723 894 3788 quae
907 3703 1019 3767 dieitur
1031 3699 1232 3778 translucida,
1248 3709 1280 3764 et
1294 3703 1377 3787 apud

363 3802 518 3888 quosdam
544 3812 674 3865 vocatur
698 3803 834 3882 aureola,
860 3826 954 3891 quam
982 3805 1043 3868 hoc
1070 3805 1166 3868 modo
1195 3825 1377 3888 compones.

287 3907 375 3970 Tolle
391 3906 529 3990 petulem
542 3906 647 3990 stagni
663 3927 727 3968 non
742 3905 862 3968 linitam
878 3905 998 3991 glutine
1014 3927 1071 3969 nec
1086 3906 1258 3968 coloratam
1274 3925 1377 3982 croco,

287 4009 343 4074 sed
367 4009 412 4072 ite
435 4007 609 4092 slmplicem
634 4016 666 4070 et
688 4007 854 4093 diligenter
883 4009 1022 4094 politam,
1053 4017 1086 4071 et
1113 4006 1186 4070 inde
1217 4005 1379 4092 cooperies

287 4113 401 4188 locum,
417 4129 511 4196 quern
526 4111 571 4172 ita
586 4109 716 4195 pingere
730 4109 875 4173 volueris.
922 4109 1047 4173 Deinde
1062 4117 1127 4171 tere
1142 4109 1262 4172 colores
1278 4107 1378 4191 impo-

288 4212 409 4276 nendos
424 4211 660 4297 diligentissime
675 4212 745 4276 oleo
760 4211 825 4292 lini,
841 4233 878 4276 ac
894 4211 985 4275 valde
1000 4220 1112 4274 tenues
1127 4209 1216 4274 trahe
1235 4231 1288 4274 eoa
1305 4231 1378 4272 curn

287 4315 432 4400 pincello,
449 4313 555 4398 sicque
571 4313 715 4400 permitte
730 4314 850 4379 siccari.
