3140 5152
285 393 349 458 336
637 409 830 456 rusorum
856 411 961 456 nrsns
984 411 1038 455 ιιι.

286 564 425 642 minoris,
462 563 575 628 deinde
613 564 783 650 percutitur
819 585 931 628 aumm
965 571 1093 629 coctum
1123 561 1269 647 pondere
1301 563 1408 626 unius

286 665 406 730 nummi
423 664 535 728 eadem
558 665 723 730 latitudine
744 674 777 730 et
799 665 1008 752 longitudine,
1030 673 1128 752 atque
1150 666 1405 730 consolidantur

285 769 353 834 haec
366 768 432 832 duo
447 767 630 855 praescripti
646 767 821 835 solidaturd
843 769 921 848 anri,
937 767 1040 832 donec
1056 767 1190 832 omnino
1204 767 1269 832 sibi
1284 767 1406 832 adhie-

285 878 384 948 reant,
399 870 507 956 sicque
521 870 615 933 simul
631 870 847 956 percutiantur
856 892 959 956 usque
974 868 1052 933 dum
1067 869 1257 934 tenuissima
1271 870 1404 934 lamina

284 971 350 1036 liat.
395 971 469 1036 Hoc
492 993 572 1057 opus
587 971 721 1051 videtur,
736 971 827 1060 quasi
849 979 1018 1058 argentum
1041 972 1074 1034 in
1097 993 1162 1036 una
1183 980 1277 1058 parte
1292 972 1402 1037 deau-

285 1083 389 1138 ratum
413 1073 464 1152 sit,
489 1095 548 1138 nec
573 1073 674 1159 possit
696 1096 770 1138 cum
797 1075 923 1138 duobus
947 1084 1003 1136 aut
1027 1073 1129 1138 tribus
1156 1075 1301 1139 nummis
1326 1075 1403 1138 auri

283 1185 381 1242 tantre
394 1175 600 1264 longitudinis
622 1176 828 1241 luminatum
851 1176 970 1262 fulgide
993 1176 1148 1242 deaurari.
1195 1177 1249 1241 Ex
1266 1176 1333 1242 hac
1350 1179 1402 1242 la-

285 1279 372 1344 mina
394 1279 475 1344 fiunt
500 1279 599 1360 limbi,
626 1279 722 1344 modo
748 1303 812 1367 quo
843 1279 986 1366 superius
1013 1280 1147 1366 inpressi
1174 1279 1259 1344 ferri.
1309 1281 1400 1345 lude

285 1381 383 1446 etiam
398 1381 577 1446 inciduntur
591 1381 721 1446 subtiles
733 1383 888 1470 corrigiae,
904 1393 937 1448 et
952 1383 985 1446 in
999 1384 1100 1448 serico
1115 1383 1237 1446 filando
1253 1383 1400 1448 circurn-

284 1493 479 1572 torquentur,
505 1484 588 1548 unde
614 1494 762 1548 texuntur
792 1485 952 1572 aurifrigia
979 1487 1064 1572 apud
1091 1507 1245 1572 pauperes
1275 1487 1400 1554 eodem-

287 1587 382 1652 modo
396 1608 461 1675 quo
477 1585 561 1672 apud
577 1585 689 1649 divites
704 1609 743 1652 ex
760 1608 837 1650 auro
853 1609 942 1673 puro.

595 1897 618 1903 .-
637 1894 1115 1904 -—..-—---—-—-———-—

537 2126 763 2225 CAPUT
821 2121 1134 2224 LXXVIII.

490 2337 536 2382 DE
558 2338 668 2384 OPRRB
692 2337 833 2383 nuomnr
857 2337 954 2389 Quor>
977 2338 1177 2384 senterius.

289 2484 551 2638 PERCUTE
566 2489 707 2552 tabulam
729 2507 876 2573 cupream
897 2497 1025 2574 quantae
1042 2486 1252 2574 longitudinis
1270 2503 1304 2554 et
1320 2489 1392 2554 lati·

386 2589 504 2654 tudinis
519 2590 663 2669 volueris,
686 2591 731 2654 sic
753 2590 888 2676 spissam
907 2589 1011 2654 utrix
1029 2590 1137 2676 plicari
1160 2589 1273 2675 possit,
1295 2601 1329 2654 et
1348 2592 1391 2655 sit

286 2693 455 2758 sanissima
470 2693 511 2757 ab
526 2693 612 2757 omni
631 2695 743 2756 lissum
765 2703 797 2756 et
811 2692 947 2771 macula,
963 2699 995 2756 et
1009 2691 1156 2778 pertrahe
1169 2691 1204 2754 in
1220 2713 1260 2754 ea
1273 2691 1391 2778 imagi·

287 2817 371 2874 nem,
392 2817 488 2882 quam
503 2795 648 2860 volueris.
676 2794 822 2859 -Deinde
840 2806 969 2882 percute
988 2795 1021 2858 in
1042 2797 1114 2860 loco
1134 2795 1247 2881 capitis
1266 2796 1389 2859 fossam

288 2919 361 2962 cum
377 2899 527 2962 mediocri
556 2898 686 2962 malleo¹
710 2899 741 2960 in
759 2899 900 2977 circuitu,
919 2897 1029 2984 sicque
1048 2919 1201 2984 recoques
1216 2895 1249 2958 in
1265 2897 1388 2984 prunis.

288 2999 362 3077 Qua
377 2999 558 3085 refrigerata
569 3021 625 3086 per
639 3022 684 3078 se,
699 3000 796 3064 facies
807 3023 863 3087 per
876 3009 977 3064 lotam
993 2999 1164 3086 imaginem
1177 3019 1250 3062 cum
1263 2999 1388 3063 malleis

288 3107 371 3170 sicut
393 3103 493 3169 fecisti
516 3104 549 3168 in
574 3103 659 3168 tenui
684 3125 782 3190 cupro
808 3126 881 3168 eum
907 3103 1011 3167 curris
1033 3103 1122 3167 ferris
1144 3113 1177 3166 et
1199 3099 1387 3190 aequalibus,

286 3230 410 3296 semper
424 3228 463 3272 ex
479 3217 612 3296 utraque
626 3217 716 3293 parte
727 3206 914 3270 deducendo
929 3216 961 3270 et
975 3206 1157 3294 frequenter
1171 3205 1387 3293 recoquendo.

287 3311 433 3400 Cumque
444 3310 612 3376 elevaveris
623 3309 793 3396 imaginem
812 3330 909 3398 quam
923 3309 986 3377 alte
1003 3309 1148 3390 volneris,
1160 3307 1268 3396 accipe
1284 3307 1388 3373 ferros

286 3414 327 3478 ad
358 3434 537 3478 mensuram
566 3414 664 3499 palmi
693 3413 816 3499 longos,
841 3412 874 3476 in
900 3433 965 3475 nnn
991 3411 1174 3476 summitate
1198 3411 1386 3498 grossiores,

286 3537 381 3602 super
396 3536 476 3602 quos
492 3516 593 3601 possit
614 3537 688 3579 eum
705 3517 821 3580 malleo
836 3515 966 3601 percutI,
982 3525 1014 3578 et
1028 3515 1060 3578 in
1076 3517 1176 3580 altera
1190 3505 1385 3601 graciliores,

285 3628 407 3696 tenues,
423 3614 575 3679 rotundos
597 3623 691 3702 atque
714 3616 855 3696 subtiles,
877 3639 959 3704 quos
975 3617 1014 3680 ad
1038 3615 1099 3681 hoc
1116 3639 1197 3703 opus
1213 3620 1387 3702 aptaveris,

285 3727 318 3784 et
341 3719 471 3784 sedente
496 3739 603 3782 coram
627 3727 658 3782 te
683 3739 780 3806 puero
807 3719 900 3805 hujus
924 3719 999 3783 artis
1021 3719 1127 3798 docto,
1152 3728 1225 3784 tene
1252 3720 1385 3786 sinistra

286 3844 384 3887 manu
398 3821 538 3886 tabulam
561 3830 595 3886 et
615 3823 746 3888 dexteri
767 3822 876 3900 ferros,
894 3843 992 3907 puero
1012 3821 1147 3908 desuper
1162 3821 1292 3887 feriente
1308 3846 1386 3890 cum

286 3925 438 3992 mediocri
459 3925 582 4006 mallen,
605 3925 787 4012 designabis
809 3925 917 3989 oculos
939 3932 971 3988 et
993 3945 1095 4002 nares,
1118 3925 1249 4010 capillos
1264 3933 1296 3988 et
1314 3949 1385 3991 ma-

285 4049 382 4094 nuum
405 4029 532 4118 digitos,
554 4028 669 4115 pedum
699 4027 856 4105 articulos,
881 4035 914 4090 et
936 4046 1046 4090 omnes
1069 4035 1191 4090 tractus
1210 4029 1385 4094 vestimen-

284 4141 387 4195 tomm
404 4133 435 4196 in
458 4131 609 4218 superiori
632 4137 729 4216 parte,
745 4129 790 4193 ita
812 4139 847 4193 ut
869 4128 998 4192 interius
1016 4139 1199 4213 appareant,
1216 4131 1269 4194 ubi
1285 4132 1384 4198 etiam

318 4299 324 4326 ¹
343 4299 476 4350 “Rotunda
493 4303 517 4351 in
534 4297 634 4348 inferiori
651 4309 724 4362 perte,
741 4309 765 4350 ct
783 4317 812 4346 rx
830 4299 940 4362 superiori
959 4305 1022 4360 perte
1041 4313 1092 4346 enm
1112 4299 1176 4346 tenni
1196 4301 1385 4351 malleo.”-Br.

285 4377 367 4429 Ordior
380 4383 587 4446 omtpmdytano.
