3168 5140
310 477 375 542 404
657 499 850 545 uueornrnr
874 501 979 544 nrm
1002 502 1056 545 111.

312 645 375 712 Sed
391 647 448 712 libi
462 649 557 714 freter
578 648 619 714 eit
640 659 752 716 notum
774 652 801 715 ei
819 651 898 716 dure
918 653 1012 717 luerit
1026 673 1154 739 gemme
1167 661 1266 740 etque
1279 651 1423 738 aeqnelis

312 749 414 836 megin
428 751 534 816 lucida
549 773 587 816 ac
603 753 770 839 perspicue
785 753 854 818 erit.

616 1053 1108 1064 *αι’-ψῃ-

649 1294 883 1393 CAPUT
941 1295 1115 1393 len

642 1515 689 1558 DE
713 1514 922 1559 scunrnnms
945 1515 1090 1559 ΟΕΙΙΙΒ.

377 1661 472 1726 UNT
494 1661 635 1726 nonnulli
657 1661 712 1749 qui
734 1661 823 1726 serris
845 1661 886 1726 ad
910 1661 1095 1727 incidendos
1113 1661 1235 1747 lapidee
1257 1669 1422 1746 tempera-

421 1773 563 1829 mentum
578 1773 724 1852 qurerunt
737 1763 874 1851 ideoque
890 1763 999 1852 scripsi
1013 1764 1096 1828 hene
1111 1771 1212 1828 artem
1227 1785 1326 1850 quem
1342 1785 1422 1850 pro-

317 1867 391 1932 bavi
405 1877 442 1930 ut
455 1877 488 1932 et
509 1867 600 1952 periti
622 1867 758 1932 artifices
780 1867 894 1932 scient.
939 1865 1122 1952 Hyrcinum
1136 1887 1258 1929 suevum
1272 1875 1422 1951 tempore

316 1969 371 2033 illo
393 1989 465 2032 eum
491 1979 631 2033 ureretur
661 1991 755 2054 yreue
778 1991 887 2034 amore
909 1968 1028 2055 accepi,
1062 1977 1158 2054 atque
1186 1967 1303 2032 sermm
1327 1967 1422 2054 quod

317 2077 493 2155 temperare
507 2069 593 2133 volui
614 2069 647 2132 in
668 2069 751 2134 illiue
772 2071 965 2158 pinguedine
987 2070 1119 2150 extinxi,
1141 2069 1250 2156 sieque
1264 2069 1297 2132 in
1313 2067 1422 2132 mexi-

320 2189 407 2234 mem
421 2191 545 2236 versum
561 2179 612 2236 eet
625 2171 784 2236 duritiam.

670 2676 901 2774 CAPUT
959 2675 1108 2772 CX.'

529 2909 575 2953 DE
597 2909 710 2956 BBORB
733 2909 865 2955 runnu
886 2910 972 2956 Auru
997 2909 1216 2956 nucerinum.

325 3037 519 3191 OMNIS
541 3041 650 3105 incisio
672 3065 743 3129 quee
764 3043 797 3106 in
820 3042 916 3106 ebore
937 3041 1104 3106 decoratur
1121 3039 1260 3126 penulam
1275 3037 1343 3102 auri
1358 3039 1423 3102 sibi

445 3141 566 3229 quoerit.
610 3141 717 3218 Quam
740 3145 767 3208 si
782 3144 829 3207 vis
850 3165 945 3229 super
967 3143 1045 3207 ebur
1061 3142 1164 3206 fecere
1179 3161 1305 3227 ponere,
1320 3139 1423 3204 facito

322 3245 385 3310 hoe
400 3243 487 3332 quod
507 3243 566 3308 tibi
587 3245 705 3330 scripto
725 3245 870 3310 ostendo.
915 3243 1031 3320 Quaere
1052 3243 1110 3307 tibi
1131 3243 1250 3306 elerum
1270 3261 1310 3304 ex
1324 3239 1423 3304 valde

323 3347 445 3410 clarum
459 3345 581 3432 gummi
602 3346 767 3433 liquorem,
787 3345 843 3433 qui
865 3366 907 3410 ex
921 3344 1027 3409 uesieu
1046 3343 1130 3408 cethi
1145 3343 1191 3406 fit.
1237 3339 1316 3404 Hoec
1332 3340 1422 3403 enim

323 3447 496 3534 vulgariter
515 3447 596 3512 huso
618 3457 828 3533 nuncupetur.
874 3445 907 3511 Si
931 3455 1038 3511 eutem
1062 3467 1102 3510 ex
1123 3443 1236 3509 eudem
1257 3442 1422 3522 habueris,

323 3549 439 3634 purtim
453 3548 536 3612 huno
549 3548 692 3636 decoque
704 3571 776 3614 cum
792 3569 876 3636 equa
887 3549 920 3612 in
929 3569 1015 3627 vose,
1030 3549 1081 3612 ille
1095 3567 1234 3633 moxque
1249 3544 1281 3608 in
1296 3543 1424 3630 gummi
1559 3567 1560 3574 ¹

321 3648 477 3733 liquorem
506 3651 709 3713 convertitur.
762 3649 814 3714 Ex
845 3650 957 3714 eodem
988 3670 1064 3735 ergo
1096 3647 1282 3712 incisionem
1312 3645 1425 3710 eboris

325 3770 422 3836 quam
436 3747 484 3814 vis
498 3769 575 3813 euro
590 3749 748 3833 decorare,
763 3752 898 3838 pincello
913 3773 1009 3840 unge,
1023 3773 1061 3816 ec
1076 3748 1190 3814 deinde
1206 3748 1356 3835 petulum,
1371 3769 1426 3813 ne·

327 3859 432 3916 motue
446 3873 466 3916 e
480 3859 587 3933 vento,
603 3873 696 3940 pone.

1128 4043 1138 4073 ¹
1154 4045 1224 4093 idem.
