3236 5144
292 479 357 544 242
645 499 834 544 reserarat
858 499 960 544 arasa
981 498 1033 542 111.

291 651 334 716 ait
344 651 481 738 spissum
497 652 579 716 sicut
593 650 664 732 serr;
679 653 766 739 quod
781 673 855 716 cum
870 652 958 738 ligno
973 651 1061 716 tenui
1075 651 1166 716 linies
1181 651 1265 715 circa
1279 652 1388 715 clavos

292 751 424 816 interius
439 763 471 816 et
485 754 632 836 exterius,
648 764 681 819 et
707 754 848 819 excuties
869 775 942 818 curn
963 754 1051 818 brevi
1075 753 1157 818 ferro
1179 753 1321 817 limatum
1338 775 1389 816 ar-

293 865 424 940 gentum
453 858 599 944 desuper,
625 858 733 945 sicque
762 855 906 922 siccabis.
953 855 1073 921 lterum
1099 855 1190 918 linies
1218 853 1388 917 mixturam

292 957 380 1023 illam
395 959 530 1047 desuper
544 959 676 1046 spissius
697 981 793 1046 quarn
809 969 892 1039 ante,
907 966 941 1022 et
961 957 1068 1022 mittes
1081 958 1115 1022 in
1130 957 1248 1042 ignem,
1263 955 1388 1020 adhibi-

294 1057 398 1148 tisque
428 1063 628 1143 carbonibus,
659 1064 825 1151 diligenter
852 1062 1024 1148 cooperies,
1046 1061 1219 1148 leniterque
1244 1059 1388 1124 sufflabis

294 1159 393 1249 longo
407 1163 497 1245 flatu,
512 1165 615 1232 donec
629 1167 803 1232 solidatura
825 1165 966 1253 liquefiat
990 1164 1182 1230 sufficienter
1192 1189 1202 1244 3
1225 1163 1388 1228 eductum-

295 1283 358 1349 que
380 1287 436 1331 vas
458 1268 499 1332 ab
520 1267 595 1355 igne
617 1280 649 1334 et
672 1270 797 1335 modice
818 1269 1036 1356 refrigeratum
1061 1268 1192 1348 lavabis,
1208 1278 1241 1332 et
1264 1269 1292 1331 si
1306 1266 1388 1331 firmi

296 1377 372 1432 suut
385 1371 467 1436 clari
481 1371 580 1453 bene3
604 1373 652 1437 sin
667 1379 785 1452 autem,
799 1391 923 1437 rursum
939 1372 990 1436 fac
1006 1372 1061 1450 eis,
1073 1372 1157 1437 sicut
1170 1371 1266 1456 prius.
1289 1369 1388 1434 Oum-

296 1491 359 1557 que
374 1473 457 1538 firmi
479 1475 604 1555 lirerint,
620 1477 713 1540 elima
728 1497 783 1540 eos
797 1476 928 1542 interius
942 1483 975 1540 et
990 1475 1065 1538 rade
1083 1474 1256 1560 aequaliter,
1270 1481 1306 1536 ut
1320 1472 1388 1535 nul-

296 1573 345 1637 lus
361 1577 560 1642 considerare
575 1586 671 1664 queat
692 1579 725 1642 in
748 1600 811 1665 quo
833 1579 905 1642 loco
920 1578 1075 1656 steterim,
1091 1576 1316 1662 appositasque
1330 1595 1387 1638 ex-

297 1678 394 1742 terius
408 1680 563 1745 auriculas
579 1703 702 1746 rursum
725 1681 892 1768 diligenter
913 1681 1063 1766 adjunge.
1110 1678 1236 1743 Deinde
1261 1678 1312 1741 iac
1333 1698 1389 1762 per

297 1781 437 1846 medium
459 1784 668 1848 auricularum
695 1793 806 1849 contra
828 1785 937 1848 clavos
961 1781 1087 1847 subtilia
1111 1779 1286 1860 foramina,
1304 1787 1335 1842 et
1356 1778 1388 1840 in

297 1881 411 1947 eodem
426 1885 498 1948 loco
514 1887 596 1950 ultra
610 1887 719 1950 clavos
733 1885 887 1966 similiter,
903 1886 936 1949 in
951 1885 1066 1972 quibus
1075 1907 1131 1950 eos
1146 1886 1288 1970 conliges
1303 1881 1389 1946 omni

297 2005 393 2068 opere
407 1997 639 2066 consummato,
654 1988 700 2052 sic
722 1997 758 2052 ut
772 2009 867 2053 nemo
882 1987 1034 2075 percipiat
1048 1987 1183 2073 qualiter
1197 1985 1388 2049 adhereant.

300 2083 381 2150 Post
394 2087 463 2152 haec
478 2089 586 2174 sculpe
601 2098 634 2154 et
648 2090 722 2154 fode
744 2090 829 2176 ipsas
844 2091 1001 2156 auriculas
1016 2089 1159 2155 studiose
1174 2109 1248 2153 cum
1264 2086 1343 2150 limis
1358 2093 1391 2148 et

299 2188 504 2273 ferramentis,
528 2201 560 2257 et
579 2191 604 2256 si
626 2192 704 2279 quid
727 2192 862 2257 volueris
888 2193 920 2257 in
947 2191 992 2257 eis
1014 2193 1189 2278 denigrare,
1212 2190 1273 2254 hoo
1295 2187 1390 2252 modo

297 2290 404 2358 iacies.
1068 2317 1072 2328 ·

588 2719 818 2818 CAPUT
870 2719 1098 2817 XXXII.

567 2940 652 2986 rusti
676 2941 722 2984 nn
744 2940 949 2986 IMPONENDO
972 2941 1131 2988 retusum.

374 3089 445 3178 UM
474 3089 636 3155 miscureis
661 3090 713 3156 et¹
736 3090 854 3156 fuderis
876 3093 1037 3180 nigellum,
1058 3104 1179 3179 partem
1201 3117 1299 3159 unam
1320 3095 1394 3159 inde

397 3194 490 3261 tolles
511 3202 543 3258 et
564 3193 720 3281 percuties
744 3194 1007 3281 quadrangulam,
1032 3197 1162 3282 longam
1185 3206 1217 3261 et
1233 3199 1393 3284 gracilem.

305 3299 430 3365 Deinde
445 3296 555 3383 accipe
569 3296 740 3360 auriculam
756 3319 827 3361 cum
844 3296 973 3383 forcipe,
982 3307 1014 3362 et
1025 3297 1143 3364 cdefac
1155 3299 1187 3362 in
1203 3299 1278 3386 igne
1292 3301 1394 3364 donec

302 3403 458 3479 rubescat,
474 3409 507 3464 et
521 3421 594 3463 cum
608 3399 707 3463 altero
728 3398 847 3485 forcipe
867 3401 963 3486 longo
978 3409 1010 3464 et
1025 3401 1134 3487 gracili
1156 3409 1229 3466 tene
1244 3387 1394 3490 nigellum

302 3516 336 3570 et
350 3506 427 3570 frica
442 3525 536 3590 super
550 3503 658 3567 omnia
671 3504 752 3582 loca,
767 3525 839 3590 quae
854 3504 1020 3591 denigrare
1035 3505 1181 3586 volueris,
1196 3507 1298 3571 donec
1312 3515 1395 3570 trac-

302 3617 354 3672 tus
370 3627 481 3670 omnes
502 3605 587 3691 pleni
602 3605 683 3686 sint,
706 3606 910 3692 ablatumque
934 3607 975 3670 ab
998 3607 1072 3694 igne
1096 3629 1170 3672 oum
1192 3609 1268 3672 lima
1282 3609 1395 3696 aequali

302 3709 468 3794 diligenter
483 3710 590 3795 plana,
605 3709 707 3773 donec
722 3718 889 3795 argentum
913 3707 958 3773 sic
980 3718 1142 3796 appareat,
1158 3712 1260 3775 utrix
1275 3721 1395 3774 tractus

302 3811 502 3875 considerare
517 3811 630 3897 possis,
646 3820 679 3875 et
699 3811 744 3876 sic
767 3833 840 3876 cum
862 3811 981 3876 rasorio
1004 3811 1086 3876 ferro
1101 3813 1186 3891 lima,
1209 3835 1304 3899 rugas
1326 3813 1396 3876 dili-

302 3921 414 4000 genter
427 3915 531 3995 erade,
547 3923 579 3978 et
593 3915 680 4003 quod
695 3915 849 4002 reliquum
864 3924 912 3979 est
926 3915 1104 3979 deaurabis.
1150 3915 1246 3992 Quod
1262 3917 1395 3980 deaura-

264 4019 265 4022 ’
302 4027 370 4083 tum
385 4017 447 4084 hoc
462 4017 559 4084 modo
571 4039 752 4105 compones.
790 4001 795 4012 ⁸

614 4179 620 4208 ¹
638 4177 724 4230 viset
735 4181 750 4206 '⁴
758 4179 843 4230 foderis
849 4179 862 4200 ’⁹
872 4181 901 4229 ia
911 4182 952 4230 loc
962 4183 1085 4232 Meam.
