3168 5140
771 508 950 553 annnam.

544 814 574 857 sl
598 815 653 858 vla
676 813 810 858 FACERE
832 813 990 859 numum
1015 815 1188 860 ommam.

314 975 539 1127 ACClPE
566 981 661 1044 ollam
682 1000 799 1043 novam
822 988 854 1043 et
877 979 967 1044 mitte
988 980 1022 1042 in
1045 1001 1084 1044 ea
1106 981 1242 1044 laminas
1258 979 1423 1070 purissimi

419 1081 541 1165 argenti
555 1091 691 1168 quantas
713 1081 861 1160 volueris,
882 1091 915 1146 et
929 1103 1013 1166 pone
1034 1081 1122 1145 illam
1142 1081 1241 1146 ollam
1257 1081 1291 1144 in
1305 1081 1423 1146 vinda·

315 1181 412 1245 miam
434 1205 506 1269 quae
527 1193 576 1248 cat
597 1185 739 1269 projecta
761 1183 801 1246 de
822 1183 971 1248 torculari
994 1183 1060 1246 siva
1078 1183 1119 1246 de
1134 1183 1212 1261 tina,
1235 1191 1268 1246 et
1290 1183 1422 1267 cooperi

314 1283 410 1347 ollam
425 1307 497 1348 cum
518 1285 643 1350 laminis
657 1285 698 1350 de
712 1287 782 1372 ipsa
797 1284 958 1349 vindemia
972 1294 1005 1348 at
1018 1306 1112 1349 serva
1130 1285 1300 1371 diligenter
1314 1306 1420 1372 usque

312 1385 354 1450 ad
370 1407 422 1450 xv.
437 1387 516 1466 dies,
531 1389 622 1452 etsie
643 1389 764 1474 aperies
786 1389 883 1451 ollam
905 1387 1004 1465 illam,
1027 1395 1060 1452 at
1074 1387 1194 1450 siccata
1215 1387 1306 1472 quod
1320 1389 1421 1450 estin

313 1487 438 1552 laminis
460 1489 583 1554 radoin
598 1489 806 1554 mundissimo
827 1511 911 1552 vaae.
959 1487 1057 1564 Quod
1077 1489 1103 1551 ai
1125 1488 1262 1574 amplius
1280 1488 1421 1552 volueris

316 1589 495 1656 faciurum
511 1591 662 1656 similiter.

565 2099 595 2142 81
622 2099 675 2142 vla
698 2097 810 2142 ALlUM
833 2095 992 2141 MURIUN
1017 2095 1162 2140 FACERE.

317 2257 543 2413 ACCIPE
557 2263 730 2349 ampullam
741 2263 781 2326 de
794 2261 961 2348 purissimo
973 2281 1072 2346 cupro
1087 2269 1120 2324 et
1133 2260 1230 2346 imple
1245 2260 1422 2326 fortissimo

430 2374 534 2444 aceto,
556 2374 588 2428 et
602 2365 728 2452 cooperi
748 2363 915 2450 diligenter
930 2386 967 2428 os
982 2365 1062 2451 ejuS,
1085 2384 1126 2427 na
1140 2361 1261 2450 aliquid
1276 2363 1421 2427 humoris

316 2467 365 2530 vel
381 2468 506 2552 vaporis
528 2467 628 2553 possit
649 2467 744 2546 exire,
760 2465 882 2531 addens
901 2474 934 2530 et
956 2467 983 2530 si
1004 2485 1135 2530 necessa
1156 2473 1207 2528 ast
1228 2465 1270 2528 ad
1290 2464 1353 2529 hoc
1372 2473 1421 2530 te-

317 2590 429 2633 nacem
451 2579 567 2634 terram
589 2572 638 2635 vel
659 2579 783 2658 pastam
795 2595 804 2650 ;
834 2579 868 2634 et
889 2569 990 2656 ipsam
1013 2567 1187 2656 ampullam
1211 2567 1254 2632 ila
1276 2568 1421 2632 clausam

318 2693 402 2760 pone
418 2671 451 2735 in
469 2674 574 2761 aliquo
597 2675 699 2740 calido
720 2675 791 2738 loco
807 2673 908 2738 autin
924 2680 1052 2752 terram,
1074 2680 1131 2736 aut
1149 2671 1184 2735 in
1199 2672 1322 2736 foenum
1344 2693 1421 2756 pro-

313 2776 435 2862 jectum
450 2777 490 2840 de
512 2778 647 2857 stabulo,
669 2777 762 2858 etpic
776 2761 901 2841 dimit'te
922 2796 1092 2864 perunum
1115 2795 1268 2855 mensem,
1291 2783 1325 2838 et
1342 2783 1422 2839 tunc

318 2880 401 2990 aperi
417 2880 504 2945 illam
519 2880 703 2966 ampullam,
714 2887 747 2946 et
760 2879 847 2966 quod
862 2878 1018 2944 inveneris
1028 2877 1062 2942 in
1077 2898 1115 2944 ea
1126 2876 1250 2942 dimitte
1265 2876 1307 2940 ad
1319 2876 1423 2941 solem

319 2997 449 3041 siccare.
