3140 5152
296 459 360 525 34⁶2
645 481 833 528 rusorarur
861 483 962 527 mssa
985 484 1037 528 111.

294 653 364 696 rum
379 653 506 696 currum
524 655 578 720 per
593 635 678 719 quod
695 637 915 710 circumdatur,
926 637 1020 720 juxta
1034 635 1167 700 modum
1183 634 1264 722 ligni
1284 637 1319 700 in
1336 661 1408 724 quo
1521 621 1523 628 ,

296 733 429 798 volvitur
452 736 592 812 runcina,
623 747 654 800 et
676 739 707 800 in
731 739 830 802 altera
856 739 1037 801 summitate
1065 738 1192 822 gracile,
1217 740 1406 803 secundum

296 857 474 900 niensuram
498 839 652 904 inferioris
667 841 778 926 capitis
794 841 915 918 listulae,
938 861 1001 926 qua
1017 839 1205 903 conflatorio
1221 841 1327 905 debet
1341 843 1405 906 im-

295 939 379 1024 poni.
427 939 551 1005 Deinde
573 951 752 1006 attenuetur
774 965 903 1029 cuprum
927 963 1039 1028 purum
1056 953 1087 1006 et
1110 943 1333 1022 sanissimum,
1358 945 1404 1009 ita

294 1051 329 1103 ut
344 1043 459 1128 unguis
474 1043 644 1130 impressus
659 1046 760 1110 alterd
776 1057 863 1132 parte
884 1055 1043 1130 appareat.
1090 1045 1187 1119 Quod
1210 1067 1288 1111 cum
1305 1047 1406 1112 fuerit

294 1145 467 1210 secundum
491 1167 670 1212 mensuram
694 1147 764 1212 ferri
786 1148 935 1212 lineatum
956 1157 988 1211 et
1010 1148 1144 1210 incisum
1168 1149 1209 1212 ad
1233 1149 1404 1236 longiores

294 1247 426 1326 fistulas,
453 1271 523 1336 qure
538 1249 684 1314 dicuntur
707 1272 830 1335 graves,
850 1253 906 1313 liat
923 1250 1095 1314 secundum
1118 1261 1320 1336 praeceptum
1336 1255 1403 1317 lec-

293 1349 388 1414 tionis
400 1351 552 1430 foramen,
563 1353 668 1440 inquo
685 1353 837 1438 plectrum
848 1351 967 1438 imponi
982 1352 1086 1432 debet,
1099 1363 1130 1415 et
1141 1355 1403 1419 circumradatur

297 1457 419 1520 modice
432 1455 471 1520 ad
488 1479 666 1521 mensuram
683 1455 810 1519 festucas
822 1455 844 1532 ¹,
857 1477 894 1518 ac
910 1453 1129 1540 superliniatur
1140 1465 1295 1540 stagnum
1314 1457 1401 1521 ferro

296 1557 488 1638 solidatorio,
504 1559 694 1646 radaturque
720 1559 751 1620 in
774 1579 830 1621 ora
852 1557 1057 1642 longitudinis
1079 1557 1218 1636 interius,
1236 1559 1270 1620 in
1296 1561 1399 1623 altera

295 1683 351 1724 ora
367 1661 501 1724 exterius
524 1661 636 1725 eadem
651 1681 808 1738 mensura,
831 1670 863 1724 et
882 1669 1140 1746 superstagnetur
1155 1657 1261 1722 tenue.
1311 1660 1399 1737 Quae

295 1772 490 1848 stagnatum,
512 1763 694 1848 priusquam
711 1763 771 1826 rasi
786 1771 906 1826 tractus
926 1763 1047 1826 noviter
1062 1762 1148 1842 facti,
1167 1760 1295 1826 modice
1312 1765 1398 1827 cale·

295 1863 379 1928 facto
404 1885 501 1950 cupro
517 1865 673 1927 lineantur
687 1885 760 1928 cum
783 1865 886 1928 resina
907 1865 1030 1944 abietis,
1052 1873 1087 1928 ut
1102 1877 1252 1950 stagnum
1268 1865 1397 1929 facilius

206 2037 211 2050 Ι
294 1965 461 2030 adhaereat.
507 1966 581 2040 Quo
597 1967 682 2030 lacto
697 1969 901 2052 complicetur
911 1967 1014 2053 ipsum
1028 1988 1159 2052 cuprum
1174 1967 1258 2031 circa
1274 1969 1396 2032 ferrum

293 2075 325 2130 et
343 2067 574 2154 circumligetur
597 2069 651 2133 lilo
667 2067 767 2134 ferreo
790 2067 990 2134 mediocriter
1011 2089 1122 2154 grosso
1138 2069 1273 2149 sortiter,
1295 2071 1343 2134 ita
1358 2081 1395 2134 ut

293 2171 430 2258 stagnati
453 2181 571 2236 tractus
594 2171 784 2236 conveniant
806 2171 875 2235 sibi.
922 2169 1018 2246 Quod
1045 2172 1132 2234 filum
1157 2171 1259 2256 primo
1282 2171 1394 2238 induci

293 2271 389 2338 debet
403 2277 534 2359 parvulo
550 2275 705 2353 foramini,
728 2275 813 2362 quod
829 2273 924 2338 estin
940 2273 1047 2360 gracili
1062 2271 1243 2336 summitate
1259 2271 1344 2353 ferri,
1360 2285 1394 2339 et

294 2375 326 2440 in
341 2399 379 2443 eo
395 2377 443 2442 bis
458 2379 668 2465 contorqueri,
691 2377 797 2464 sicque
816 2375 931 2440 deduci
945 2377 977 2440 in
993 2376 1149 2441 volvendo
1169 2377 1328 2461 usquead
1344 2379 1391 2441 al-

293 2488 392 2544 teram
408 2481 632 2560 summitatem,
655 2481 760 2566 ibique
776 2479 919 2544 similiter
939 2479 1109 2544 obfirmari.
1157 2477 1284 2544 Deinde
1295 2481 1392 2565 junc-

292 2583 370 2649 turis
385 2584 444 2648 sibi
459 2583 717 2650 convenientibus
733 2591 764 2647 et
778 2583 944 2669 diligenter
959 2582 1146 2668 conjunctis
1166 2589 1303 2668 ponatm
1318 2583 1391 2669 ipsi

291 2685 427 2772 ligaturi
437 2687 553 2772 pariter
563 2708 635 2750 cum
646 2687 727 2751 ferro
740 2695 813 2750 ante
824 2685 985 2750 fornacem
997 2707 1091 2771 super
1099 2706 1217 2770 prunas
1229 2685 1391 2762 ardentes,

292 2799 325 2852 et
339 2789 466 2853 sedente
482 2811 578 2876 puero
593 2799 626 2853 et
641 2788 838 2852 mediocriter
851 2785 959 2865 flante,
982 2794 1126 2851 tencatur
1140 2785 1273 2852 dexteris
1291 2809 1392 2851 manu

291 2891 412 2976 lignum
427 2891 553 2976 gracile,
575 2893 608 2954 in
622 2892 711 2976 cujus
726 2891 906 2956 summitate
920 2891 1006 2968 fissa,
1025 2889 1184 2953 adhrereat
1199 2889 1390 2975 panniculus

293 3013 364 3058 cum
377 2994 489 3072 resina,
500 3003 533 3058 et
543 2993 668 3058 sinistri
676 3001 819 3058 teneatur
829 3003 977 3080 stagnum
986 2992 1118 3078 longum
1130 2991 1246 3078 gracile
1257 3013 1391 3078 percus-

293 3119 374 3177 sum,
386 3107 421 3160 ut
436 3119 510 3162 mox
527 3119 599 3162 cum
615 3097 721 3160 fistula
733 3095 904 3174 incaluerit,
919 3095 1016 3158 lineat
1026 3095 1209 3180 juncturam
1221 3117 1294 3158 cum
1309 3118 1390 3180 pan-

293 3199 398 3265 niculo
408 3199 510 3264 resina
518 3201 644 3278 infecto,
654 3200 896 3286 appositumque
903 3205 1051 3282 stagnum
1060 3195 1211 3282 liquefiat,
1222 3196 1390 3283 ipsamque

289 3301 859 3390 juncturam²diligentsrconsolidst.
897 3297 971 3374 Quo
983 3299 1102 3363 factore
1113 3297 1260 3384 frigerata
1270 3300 1390 3378 fistula,

293 3419 428 3492 ponatur
440 3407 555 3470 sermm
566 3405 599 3468 in
609 3405 816 3468 instrumento
827 3401 996 3466 tornatoris
1008 3423 1094 3464 more
1104 3410 1225 3488 parato,
1238 3401 1268 3464 iu
1281 3402 1388 3488 posito

292 3534 354 3598 que
369 3535 464 3576 curvo
480 3511 560 3577 ferro
582 3521 613 3575 et
632 3511 687 3576 filo
707 3512 811 3575 soluto
828 3509 945 3574 circum
960 3509 1069 3574 volvat
1082 3530 1164 3572 unus
1184 3507 1300 3572 ferrum
1315 3531 1388 3572 cur·

293 3635 378 3692 vum,
390 3615 468 3677 alter
480 3634 561 3692 vero,
576 3613 717 3699 utrisque
729 3613 873 3677 manibus
885 3611 1073 3676 chirothecis
1084 3609 1095 3642 ⁸
1110 3611 1236 3688 indutis,
1247 3611 1388 3676 fistrrlam

293 3715 412 3782 lortitcr
431 3724 548 3794 teneat,
571 3716 614 3779 ita
632 3724 668 3779 ut
687 3716 804 3780 sermm
826 3715 1078 3780 circumducatur
1099 3723 1131 3778 et
1150 3714 1255 3778 fistula
1276 3715 1388 3802 quieta

616 3877 622 3904 ¹
640 3881 656 3906 ‘⁴
668 3876 772 3936 listulae,''
784 3879 811 3924 ia
822 3879 877 3925 Cod.
891 3877 989 3940 enipi.

615 3958 626 3986 ¹
642 3959 781 4007 addidimus
793 3975 819 4006 er
831 3959 886 4006 cod.
901 3959 999 4022 Guelpl.

615 4039 624 4070 ¹
640 4041 687 4089 Hir
698 4041 766 4089 rodes
783 4043 798 4066 ‘¹
808 4037 919 4100 cyrotecir
926 4040 937 4059 '¹
955 4039 1026 4087 latu.
