3236 5144
321 516 385 580 276
677 535 868 582 resonaret
894 536 998 580 crasa
1021 536 1073 580 111.

321 688 396 752 inde
410 687 593 768 retinacula,
607 710 680 775 qum
694 697 823 754 teneant
843 689 1012 753 exteriores
1029 696 1137 774 partes
1152 687 1219 752 auri
1232 687 1374 752 exterius
1389 687 1424 751 in

322 788 423 852 tribus
447 789 535 868 locis,
561 800 598 853 ut
620 789 721 868 tertia,
746 813 817 877 quae
843 791 973 855 interius
994 792 1090 878 juxta
1112 812 1185 855 oras
1210 791 1330 868 circuit,
1354 812 1422 854 non

323 890 424 974 possit
437 890 587 978 disjungi.
632 891 707 966 Quo
723 892 808 956 facto
828 893 919 957 linies
937 915 977 958 ex
991 893 1083 967 ,omni
1099 903 1188 980 parte
1203 893 1423 975 solidatorem,

324 1000 357 1055 et
378 991 511 1056 siccabis
534 993 659 1058 modice
680 1015 776 1080 super
788 995 914 1079 ignem;
937 996 1161 1083 dispositisque
1175 996 1367 1060 carbonibus
1387 1007 1423 1060 et

324 1097 475 1177 accensis,
491 1097 588 1162 facies
601 1099 682 1162 inter
695 1121 751 1163 eos
766 1099 930 1178 fossulam,
946 1099 978 1162 in
993 1121 1090 1186 quam
1106 1120 1205 1184 pones
1219 1099 1321 1186 ipsam
1336 1099 1422 1162 auri-

324 1200 438 1280 culam,
454 1210 486 1265 et
500 1201 583 1266 circa
603 1223 673 1264 eam
694 1201 864 1266 collocabis
881 1201 1036 1266 carbones
1049 1200 1218 1264 ordinatim
1233 1200 1287 1279 ita,
1302 1209 1338 1263 ut
1353 1221 1423 1264 non

325 1303 512 1388 contingant
533 1325 655 1382 aurum,
681 1303 737 1367 sed
763 1305 795 1368 in
818 1304 1053 1368 similitudinem
1080 1303 1161 1366 muri
1185 1300 1360 1365 ascendant
1384 1302 1422 1364 in

324 1405 467 1485 circuitu,
482 1407 583 1470 donec
598 1407 758 1470 emineant
774 1428 868 1492 super
882 1429 1011 1486 anrum;
1035 1415 1068 1469 et
1082 1415 1159 1468 tuuc
1177 1403 1348 1467 collocabis
1363 1404 1422 1468 de-

325 1530 419 1594 super
434 1510 565 1596 graciles
588 1510 687 1573 ferros
708 1503 800 1588 duos,
815 1509 865 1572 vel
882 1518 958 1588 tres,
972 1509 1028 1596 qui
1043 1515 1272 1594 pertranseant.
1317 1504 1423 1591 Super

325 1633 406 1697 quos
429 1613 599 1676 collocabis
622 1633 677 1697 per
698 1611 803 1675 omnia
823 1610 989 1690 carbones,
1012 1619 1044 1673 et
1063 1607 1225 1694 cooperies
1244 1606 1422 1692 diligenter,

325 1713 370 1776 sic
386 1723 493 1777 tamen
509 1723 544 1776 ut
558 1713 664 1800 aliqua
685 1713 840 1778 foramina
857 1714 938 1777 inter
952 1714 1039 1798 ipsos
1054 1711 1209 1777 carbones
1224 1719 1421 1789 remaneant,

325 1835 381 1900 per
406 1837 477 1901 quae
502 1815 605 1900 possis
631 1815 839 1894 considerare,
862 1816 996 1902 qualiter
1017 1814 1190 1878 solidatura
1210 1813 1421 1877 circumfluat„

326 1915 424 1990 Quod
445 1939 517 1981 cum
532 1917 658 1996 videris,
679 1918 785 1982 statim
806 1939 935 2003 aspersa
957 1916 1084 1981 modice
1102 1915 1198 2003 aqua,
1216 1915 1309 1978 cicies
1323 1923 1423 2002 atque

324 2018 445 2081 lavabis
459 2019 570 2082 leniter
584 2029 616 2083 et
627 2019 770 2098 siccabis,
786 2019 1105 2105 circumspiciensque
1120 2019 1286 2102 diligenter
1300 2015 1327 2079 si
1341 2015 1421 2102 quid

324 2120 545 2206 corrigendum
568 2130 629 2200 est,
652 2122 807 2206 corriges3
830 2143 1016 2207 rursumque
1031 2120 1143 2184 liniens
1159 2121 1241 2183 sicut
1255 2117 1351 2204 prius,
1367 2141 1422 2182 so-

324 2221 448 2302 lidabis,
474 2221 582 2308 sicque
608 2223 714 2302 facies,
741 2223 843 2287 donec
872 2245 926 2308 per
951 2222 1057 2287 omnia
1084 2223 1211 2286 firmum
1233 2223 1300 2286 fiat.
1345 2221 1422 2287 Hoc

325 2323 422 2388 modo
445 2345 552 2409 parem
574 2325 746 2390 auriculam
768 2325 920 2390 formabis
937 2335 1033 2412 atque
1053 2325 1212 2389 solidabis.
1258 2322 1333 2399 Quo
1347 2345 1423 2409 per·

324 2436 397 2491 acto
414 2428 516 2514 junge
538 2449 593 2491 eas
612 2436 760 2514 utrasque
781 2426 822 2490 ad
837 2449 893 2490 vas
916 2427 1023 2492 calicis
1045 2427 1077 2490 in
1100 2427 1165 2492 suis
1186 2426 1274 2506 locis,
1289 2435 1322 2489 et
1335 2425 1422 2489 circa

324 2551 379 2594 eas
404 2530 501 2594 facies
523 2529 604 2594 duos
628 2539 748 2593 tractus
772 2529 803 2592 in
826 2529 897 2614 ipso
915 2549 992 2592 vase
1014 2551 1087 2592 cum
1111 2529 1234 2607 subula,
1259 2549 1314 2612 per
1337 2545 1419 2613 quos

325 2633 426 2719 possis
442 2633 650 2711 considerare,
665 2641 701 2695 ut
711 2639 795 2696 recte
810 2639 895 2695 stent
909 2631 941 2694 in
957 2631 1135 2696 solidando.
1182 2629 1308 2694 Deinde
1321 2629 1420 2692 firnde

324 2757 436 2820 purum
449 2757 559 2798 aurum
571 2743 603 2798 et
618 2734 757 2799 admisce
773 2733 801 2798 ei
813 2732 937 2797 tertiam
954 2744 1076 2818 partem
1087 2733 1175 2819 cupri
1191 2731 1279 2795 rubei
1295 2738 1327 2794 et
1338 2730 1421 2815 puri,

324 2838 411 2923 quod
433 2837 548 2922 pariter
571 2837 675 2900 fusum
695 2847 728 2899 et
745 2836 869 2899 modica
891 2857 1075 2922 percussum
1093 2833 1219 2898 limabis
1242 2833 1367 2918 penitam
1389 2839 1422 2895 et

324 2959 425 3023 ponas
440 2938 472 3000 in
488 2961 626 3024 pennam
640 2939 769 3002 anseris.
816 2937 897 3002 Post
911 2939 978 3002 haec
990 2939 1154 3002 accumula
1169 2947 1242 3000 ante
1257 2934 1419 2998 fornacem

325 3059 476 3125 magnum
492 3061 637 3103 acervum
661 3039 846 3118 carbonum,
870 3053 902 3103 et
918 3041 951 3103 in
966 3041 1011 3104 eis
1027 3061 1110 3126 pone
1124 3061 1180 3104 vas
1194 3037 1310 3116 calicis,
1325 3037 1370 3100 ita
1385 3047 1422 3100 ut

325 3142 477 3206 medietas
491 3143 559 3228 ejus
581 3141 711 3205 omnino
733 3142 792 3206 sub
815 3141 1004 3207 carbonibus
1022 3143 1074 3223 sit,
1088 3153 1121 3207 et
1136 3143 1188 3206 illa
1201 3163 1275 3227 pars
1290 3138 1421 3204 omnino

326 3245 472 3325 emineat,
502 3267 596 3331 super
624 3266 721 3331 quam
750 3265 912 3329 unapars
941 3245 1025 3309 auris
1051 3245 1200 3332 ponenda
1226 3252 1291 3324 est;
1322 3263 1421 3330 quam

325 3351 431 3414 statim
446 3349 619 3435 conjunges
633 3347 672 3426 ei,
687 3355 719 3411 et
739 3345 830 3411 linies
852 3347 956 3433 ipsum
972 3367 1029 3410 vas
1048 3368 1122 3409 cum
1137 3345 1276 3410 auricula
1292 3343 1421 3408 interius

325 3463 358 3517 et
380 3453 517 3517 exterius
539 3473 611 3516 cum
634 3450 817 3528 solidatum,
840 3458 936 3535 atque
958 3448 1147 3527 limaturam,
1162 3446 1249 3535 quod
1267 3446 1300 3509 in
1315 3467 1422 3532 penna

326 3574 485 3638 posueras,
500 3551 671 3616 seminabis
691 3552 773 3615 eirca
791 3551 966 3638 juncturas,
982 3571 1044 3637 qua
1068 3551 1152 3614 auris
1167 3549 1234 3614 vasi
1253 3547 1421 3634 conjungi-

324 3662 385 3732 tur,
401 3655 510 3738 sicque
529 3653 753 3738 circumposito
772 3653 846 3738 igne
865 3651 1034 3739 aggerabis
1055 3652 1210 3716 carbones
1230 3650 1421 3730 incircuitu,

325 3755 406 3819 sicut
420 3754 561 3840 superius
576 3754 687 3834 fecisti,
710 3755 793 3818 circa
814 3755 997 3834 auriculam,
1019 3763 1050 3818 et
1069 3754 1166 3818 ferros
1182 3754 1318 3839 desuper
1332 3773 1422 3816 com-

325 3879 434 3944 pones,
460 3879 540 3944 quos
562 3857 752 3921 carbonibus
774 3856 970 3920 abundanter
994 3855 1166 3942 cooperies.
1214 3855 1251 3918 ln
1273 3853 1422 3919 anteriori

325 3983 400 4026 vero
421 3969 510 4046 parte
530 3959 613 4024 intra
635 3981 747 4024 cavum
765 3960 847 4024 vasis
871 3981 1026 4045 compone
1048 3959 1202 4024 carbones
1222 3957 1256 4020 in
1275 3956 1422 4022 similitu-

325 4063 431 4128 dinem
451 4062 567 4127 modici
588 4061 682 4144 furni,
698 4073 733 4126 ut
753 4063 907 4127 carbones
927 4062 959 4126 in
977 4061 1108 4127 circuitu
1126 4060 1215 4125 densi
1232 4061 1372 4146 jaceant,
1388 4065 1422 4121 et
