3220 5138
297 505 340 566 3¹2
657 519 846 566 snsoemnr
874 523 976 566 urana
1000 523 1023 565 1.

298 694 359 759 que
373 673 504 758 singulis
520 673 641 738 vicibus
656 675 760 752 facies,
776 675 877 738 donec
892 675 1021 737 omnino
1041 675 1261 738 attenuaveris.
1308 673 1389 738 Post

296 775 365 838 haec
393 775 518 838 fricabis
546 796 600 839 eas
623 777 733 840 leniter
755 777 849 840 dente
874 776 940 862 apri
965 798 1058 863 super
1084 777 1222 862 ligneam
1247 777 1386 840 tabulam

297 876 460 962 aequalem,
475 879 651 963 usquequo
666 878 778 942 lucidae
793 879 880 942 fiant.

342 978 467 1043 Deinde
489 980 661 1065 conjunges
682 983 810 1045 casdem
833 991 937 1067 partes
959 1002 1056 1044 unam
1078 980 1120 1044 ad
1142 981 1273 1044 alteram
1296 1001 1389 1066 super

296 1082 398 1169 ipsam
427 1081 578 1160 tabulam,
602 1091 634 1146 et
657 1084 832 1148 adhaerebis
858 1106 911 1148 aas
936 1083 1077 1169 singulas
1101 1083 1142 1146 ad
1167 1083 1289 1169 lignum
1314 1105 1387 1146 cum

297 1205 379 1262 cera,
394 1205 433 1247 ne
448 1185 569 1269 possint
584 1187 712 1266 moveri,
725 1197 758 1250 et
773 1187 954 1272 superlinies
970 1207 1024 1249 eas
1040 1207 1137 1248 manu
1152 1194 1207 1248 tua
1223 1207 1262 1248 ex
1278 1207 1387 1270 supra-

297 1284 381 1349 dicto
396 1286 515 1372 glutine
529 1289 682 1353 remition
697 1299 792 1376 atque
811 1288 945 1351 siccabis
960 1288 1000 1351 ad
1018 1287 1127 1351 solem.
1174 1285 1386 1351 Postmodum

296 1388 403 1472 accipe
418 1388 522 1474 virgas
544 1390 620 1476 ligni
643 1391 769 1476 putridi,
792 1413 871 1477 quas
894 1413 967 1454 cum
991 1389 1091 1475 Aprili
1112 1387 1268 1468 incideris,
1288 1388 1388 1451 findes

296 1511 352 1574 per
373 1489 513 1554 medium
536 1501 568 1555 et
591 1492 724 1556 siccabis
749 1515 841 1578 super
863 1493 996 1556 sumum.
1044 1491 1169 1555 Dehinc
1188 1491 1311 1554 auferes
1334 1512 1389 1554 ex-

295 1593 442 1656 teriorem
469 1593 627 1672 corticem,
652 1603 685 1658 et
708 1595 897 1674 interiorem,
923 1594 976 1680 qui
1003 1601 1051 1658 est
1074 1614 1213 1670 croceus,
1238 1593 1330 1656 rades
1356 1593 1387 1654 in

296 1696 411 1779 patella
425 1695 553 1774 munda,
569 1697 690 1760 addens
705 1697 734 1760 ei
749 1719 877 1761 crocum
892 1697 933 1760 ad
949 1696 1091 1781 quintam
1109 1703 1248 1779 partem;
1272 1701 1305 1758 et
1319 1715 1389 1779 per-

296 1796 393 1860 funde
408 1797 476 1860 haec
491 1798 564 1861 vino
580 1799 676 1862 veteri
691 1798 757 1863 sive
772 1799 904 1863 cervisia
918 1798 1126 1876 abundanter,
1142 1805 1175 1859 et
1190 1818 1263 1860 cum
1274 1795 1318 1859 ita
1333 1817 1389 1881 per

296 1907 421 1963 noctem
444 1898 575 1978 steterit,
597 1900 629 1962 in
652 1901 823 1964 crastinum
853 1901 1017 1965 calefacies
1043 1920 1136 1985 super
1158 1898 1264 1982 ignem
1286 1898 1388 1963 donec

295 2001 478 2086 liquefiat¹3
510 2001 618 2086 sicque
641 2002 785 2086 impones
814 2002 939 2066 tabulas
964 2011 1114 2087 stagneas
1139 2001 1331 2087 singulatim,
1357 2011 1389 2064 et

296 2104 474 2189 frequenter
489 2103 635 2182 elevabis,
650 2103 752 2170 donec
768 2104 957 2183 consideres,
972 2103 1057 2190 quod
1073 2105 1236 2168 aureolum
1250 2104 1387 2167 colorem

295 2205 485 2270 sufficienter
506 2206 641 2271 trahant.
688 2206 830 2292 Postque
857 2228 979 2270 rursum
1004 2205 1179 2270 adhaerebis
1201 2227 1255 2272 eas
1277 2207 1388 2292 lignem

296 2307 411 2371 tabulae
426 2308 630 2393 superliniens
645 2308 753 2393 gluten
769 2308 849 2372 sicut
864 2309 959 2394 prius,
975 2317 1096 2372 etcum
1115 2309 1242 2372 siccatae
1263 2309 1387 2387 luerint,

292 2410 361 2494 jam
384 2409 482 2474 habes
504 2418 651 2495 stagnans
673 2411 805 2496 petulas,
820 2433 901 2497 quas
924 2412 1068 2496 impones
1091 2411 1177 2496 operi
1200 2420 1256 2474 tuo
1278 2432 1406 2487 secun--

296 2512 373 2575 dum
388 2512 512 2576 libitum
535 2513 654 2599 glutine
677 2513 763 2580 corii.
806 2515 854 2578 Ac
877 2515 1025 2600 deinceps
1046 2513 1153 2598 accipe
1173 2514 1293 2578 colores
1309 2535 1388 2599 quos

297 2615 457 2700 imponere
471 2616 616 2696 volueris,
629 2623 733 2681 terens
755 2637 819 2682 eoa
833 2617 999 2702 diligenter
1014 2618 1084 2680 oleo
1099 2616 1153 2680 lini
1167 2615 1234 2680 sine
1248 2637 1343 2702 aqua,
1357 2625 1390 2678 et

297 2720 349 2782 lac
372 2719 525 2783 mixturas
541 2720 683 2784 vultuum
705 2741 743 2783 ac
758 2719 1015 2782 vestimentorum
1038 2719 1119 2782 sicut
1142 2718 1284 2803 superius
1306 2737 1389 2803 aqua

198 2893 200 2902 Ι
297 2819 425 2898 feceras,
441 2829 473 2882 et
495 2819 612 2884 bestias
635 2821 700 2882 sive
715 2820 789 2883 aies
812 2828 868 2883 aot
889 2819 962 2884 folia
978 2820 1112 2884 variabis
1134 2820 1198 2884 suis
1220 2819 1388 2895 coloribus,

298 2928 391 3004 prout
405 2921 538 2983 libuerit.

586 3464 816 3562 CAPUT
873 3466 1102 3562 XXVII.

458 3697 504 3738 DE
528 3699 718 3744 commus
741 3703 828 3748 OLEO
853 3705 892 3747 ET
915 3705 1032 3748 uuum
1055 3705 1236 3748 bassunis,

298 3846 499 3999 OMNIA
524 3875 640 3938 genera
663 3858 805 3921 colorum
829 3860 942 3924 eodem
957 3860 1071 3948 genere
1097 3864 1158 3928 olei
1181 3864 1237 3928 teri
1260 3876 1291 3927 et
1312 3863 1388 3950 poni

314 4053 320 4065 Ι
397 3963 529 4067 possunt
550 3954 694 4042 inopere
717 3959 833 4045 ligneo,
848 3962 880 4025 in
902 3963 952 4027 his
974 3973 1098 4029 tantum
1114 3967 1207 4030 rebus
1230 3989 1300 4054 quae
1321 3968 1387 4032 sole

296 4075 404 4118 srccarr
420 4065 564 4140 possunt,
577 4059 652 4144 quia
664 4063 912 4151 quotiescunque
923 4089 1020 4131 unum
1036 4069 1173 4133 colorem
1189 4069 1386 4156 imposueris,

297 4159 427 4222 alterum
443 4160 470 4222 ei
494 4183 703 4247 superponere
725 4187 789 4229 non
804 4175 905 4252 potes,
922 4169 981 4234 nisi
996 4171 1079 4255 prior
1100 4172 1285 4252 exsiccetur,
1300 4175 1386 4260 quod

295 4261 1073 4348 imaginibus²diuturnumactaediosumestnimis.
1097 4275 1130 4339 Si
1140 4275 1388 4342 autemvolueris

418 4451 424 4480 ¹
438 4455 453 4477 ‘¹
460 4453 573 4514 tepefiat,’'
585 4457 612 4503 in
624 4460 707 4504 roelm'e
721 4459 895 4508 decretae-¹
907 4465 922 4488 “
930 4471 953 4510 et
963 4463 1016 4511 aliis
1026 4464 1141 4524 picturis.’'
1158 4481 1184 4512 ex
1197 4467 1222 4512 0.
1237 4467 1266 4512 R.
