3236 5144
277 464 341 528 240
622 480 815 526 ranorum
841 481 943 526 urana
967 481 1020 526 ιιι.

277 634 404 722 gracilis
428 633 562 698 candela
575 633 773 719 longitudine
794 633 916 697 minimi
939 633 1042 719 digiti,
1058 635 1113 698 sed
1135 635 1167 698 iu
1192 635 1373 698 summitate

278 739 319 802 sit
333 737 562 823 aliquantulum
573 736 724 821 grossior,
736 758 807 822 quaa
818 757 891 800 cera
906 744 1038 800 vocatur
1048 736 1254 817 infusorium
1277 759 1374 824 quam

278 837 429 904 solidabis
444 837 547 902 calido
563 837 655 903 ferro.
703 837 829 902 Deinde
851 838 960 924 accipe
975 839 1118 924 argillam
1135 838 1256 903 sortiter
1270 861 1376 904 mace·

278 951 390 1021 ratam,
401 929 439 1005 ¹et
452 941 595 1027 co-operi
617 941 785 1026 diligenter
799 949 949 1027 utrasque
964 964 1056 1006 aures
1072 942 1266 1027 singillatim,
1281 943 1326 1006 ita
1340 953 1376 1007 ut

279 1045 386 1109 omnia
415 1044 572 1108 foramina
600 1043 770 1129 sculpturae
798 1043 998 1128 impleantur.
1044 1044 1126 1120 Quae
1153 1066 1225 1108 cum
1250 1045 1375 1109 siccatae

279 1147 405 1226 fuerint,
419 1147 533 1211 iterum
547 1145 691 1231 cooperi
713 1165 768 1230 per
783 1146 891 1208 omnia
906 1147 1077 1232 aqualiter,
1092 1147 1227 1232 exceptd
1245 1147 1375 1210 summi·

279 1259 345 1314 tate
370 1249 524 1328 infusorii,
546 1257 579 1313 et
604 1247 698 1312 tertio
721 1246 865 1312 similiter
890 1248 999 1312 facies.
1046 1249 1258 1313 Postmodum
1284 1251 1375 1315 mitte

279 1353 366 1440 ipsas
378 1353 496 1417 formas
506 1352 601 1438 juxta
612 1349 776 1430 carbones,
789 1361 823 1414 ut
834 1372 906 1414 curn
918 1350 1079 1415 calefactae
1091 1351 1216 1431 fuerint,
1231 1351 1376 1416 effundas

280 1476 395 1520 ceram.
441 1453 517 1530 Qut
541 1453 644 1518 effusa
660 1474 759 1539 pones
774 1474 828 1517 eae
853 1454 983 1517 omnino
996 1453 1030 1516 in
1055 1454 1173 1539 ignem,
1189 1463 1376 1520 convertens

281 1559 437 1622 foramina
451 1579 506 1644 per
518 1578 590 1644 quae
605 1576 677 1620 cera
691 1555 767 1618 exiit
781 1555 923 1634 inferius,
938 1565 971 1620 et
985 1556 1052 1619 sine
1067 1555 1169 1620 donec
1185 1556 1377 1621 candescant

280 1663 362 1728 sicut
387 1662 552 1740 carbones,
567 1660 738 1746 statimque
763 1659 900 1746 liquefac
915 1668 1092 1746 argentum,
1109 1659 1232 1724 addens
1255 1661 1285 1722 ei
1308 1682 1376 1724 mo-

281 1766 388 1830 dicum
400 1765 440 1830 de
450 1765 606 1828 auricalco
617 1761 813 1849 Hyspanico,
830 1771 864 1825 ut
878 1762 966 1826 verbi
981 1762 1091 1848 gratia,
1107 1763 1133 1826 si
1148 1762 1241 1828 fuerit
1255 1763 1378 1850 argenti

282 1868 413 1932 dimidia
434 1887 552 1945 marca,
568 1864 693 1951 pondus
715 1863 849 1928 duorum
866 1886 1081 1945 nummorum,
1097 1866 1124 1929 ei
1140 1887 1214 1929 vero
1238 1866 1309 1952 plus
1323 1876 1378 1929 aut

283 1971 397 2048 minus,
413 1991 430 2032 e
455 1978 586 2046 coutra;
610 1977 642 2030 et
657 1967 773 2032 eiciens
788 1966 907 2031 formas
931 1969 972 2032 ab
987 1969 1060 2054 igne
1075 1969 1150 2033 siste
1169 1990 1223 2032 eas
1237 1969 1377 2047 firmiter,

283 2082 315 2136 et
330 2071 462 2135 infunde
477 2069 590 2135 eodem
612 2069 695 2150 loco,
711 2069 794 2132 unde
809 2089 915 2133 ceram
938 2069 1085 2135 effudisti.
1130 2069 1276 2158 Cumque
1293 2071 1380 2134 refn'-

282 2182 392 2261 gerata
419 2173 544 2251 fixerint,
560 2171 648 2258 apser
672 2171 827 2258 argillam,
843 2182 962 2236 etcum
988 2173 1063 2235 lima
1077 2173 1110 2236 el
1124 2173 1213 2237 ferris
1238 2174 1378 2238 fossoriis

283 2277 424 2363 adjunge
440 2297 494 2340 eas
510 2275 577 2340 vasi
593 2275 625 2338 in
640 2275 705 2339 suis
720 2275 809 2355 locis,
821 2286 853 2338 et
869 2275 1081 2360 subjuncturis
1105 2275 1200 2340 iacies
1215 2277 1280 2342 duo
1295 2278 1378 2342 fora·

284 2382 371 2445 mina
391 2381 497 2466 longa,
519 2401 620 2442 unum
642 2377 771 2441 inferius
789 2387 821 2440 et
843 2377 930 2441 aliud
952 2378 1105 2464 superius,
1119 2401 1191 2466 quae
1214 2380 1290 2444 foris
1312 2402 1377 2444 non

283 2493 467 2572 appareant,
483 2483 515 2546 in
529 2481 644 2569 quibus
654 2481 772 2567 junges
780 2479 961 2566 singillatim
977 2480 1058 2544 duos
1069 2481 1176 2545 clavos
1191 2483 1284 2562 latos,
1298 2505 1379 2570 quos

284 2587 380 2652 iacies
396 2585 529 2650 transire
545 2605 599 2648 vas
615 2582 748 2670 perduc
763 2581 919 2645 foramina
930 2603 970 2646 ex
984 2591 1118 2668 utraque
1133 2594 1222 2669 parte
1237 2587 1379 2672 superius

284 2698 317 2753 et
330 2689 469 2768 inferius,
484 2697 516 2751 et
531 2687 673 2771 configas
688 2685 818 2749 interius
833 2695 928 2771 atque
944 2685 1094 2749 solidabis
1108 2686 1169 2750 hoc
1185 2687 1291 2752 modo.

588 3317 826 3416 CAPUT
869 3321 1064 3418 XXXI.

598 3541 645 3583 ΒΕ
667 3538 886 3583 scamarum
908 3539 1070 3585 ARGBN'H.

288 3689 561 3840 PONDERA
587 3690 667 3754 duas
693 3700 798 3775 partae
824 3689 947 3776 argenti
973 3691 1052 3776 puri,
1078 3703 1111 3756 et
1139 3693 1265 3757 tertiam
1295 3695 1384 3782 cupri

379 3791 473 3870 rubri,
488 3802 521 3856 et
534 3793 696 3858 confunde
711 3803 807 3879 atque
828 3792 985 3856 subtiliter
1007 3793 1083 3857 lima
1105 3793 1137 3856 in
1152 3815 1227 3858 vaae
1251 3796 1382 3876 mundo,

287 3905 320 3959 et
343 3894 430 3958 mitte
452 3895 484 3958 in
507 3917 655 3981 pennam.
703 3894 829 3960 Deinde
855 3896 928 3959 tolle
944 3895 1007 3958 vini
1029 3907 1161 3981 petram,
1177 3919 1248 3982 quac
1269 3898 1384 3961 crescit

286 3999 416 4064 interius
439 3997 523 4064 circa
545 4021 631 4077 vasa,
655 3997 688 4061 in
712 3997 826 4085 quibus
847 3997 1003 4082 optimum
1029 3997 1137 4062 vinum
1161 3998 1216 4061 diu
1237 4000 1335 4085 jacet,
1351 4009 1384 4064 et

288 4102 459 4188 particulas
473 4103 541 4189 ejus
556 4101 620 4187 liga
635 4101 667 4164 in
684 4122 800 4186 panno,
812 4109 844 4163 et
858 4100 949 4164 mitte
966 4101 997 4164 in
1012 4101 1118 4187 ignem
1135 4109 1170 4164 ut
1180 4103 1385 4166 comburatur

287 4205 409 4270 tamdiu
424 4205 526 4269 donec
541 4204 644 4267 nullus
659 4202 733 4264 inde
760 4201 866 4264 fumus
892 4204 1053 4287 procedat.
1100 4202 1174 4279 Quo
1191 4203 1232 4268 ab
1249 4204 1323 4290 igne
1339 4205 1384 4268 le-

288 4318 363 4372 vato
386 4315 419 4371 et
433 4306 620 4391 refrigerato
635 4304 770 4368 exsuffla
785 4303 905 4368 cineres
920 4305 1018 4391 panni
1041 4316 1073 4369 et
1094 4305 1172 4370 illud
1187 4315 1295 4370 ustum
1317 4315 1385 4370 tere

288 4411 320 4474 in
333 4433 450 4496 cupreo
467 4431 542 4474 vase
557 4431 630 4473 cum
656 4406 792 4470 rotundo
815 4405 940 4485 malleo,
957 4407 1100 4474 admixti
1113 4409 1199 4495 aqut
1213 4419 1246 4474 et
1261 4411 1327 4475 sale
1349 4419 1385 4474 ut
