3140 5152
660 477 847 522 'l'liBthlllbl
873 477 977 520 muns
1000 478 1053 522 111.

591 779 831 878 CAPUT
895 783 1124 882 LXVII.

620 1019 666 1062 DE
688 1019 957 1065 Puutrlcsmorvz
979 1021 1094 1065 CUPRI.

309 1183 502 1338 TOLLE
525 1185 673 1272 patellam
693 1186 826 1250 ferreum
846 1187 936 1272 cujus
956 1186 1184 1274 magnitudinis
1202 1187 1349 1265 volueris,
1372 1197 1410 1251 et

326 1332 328 1338 .
418 1287 472 1352 lini
486 1309 557 1352 eam
572 1285 701 1351 interius
722 1295 754 1352 et
776 1287 912 1352 exterius
935 1289 1046 1375 argilli
1060 1289 1181 1354 fortiter
1195 1289 1357 1353 macerati
1374 1297 1412 1351 et

312 1389 420 1470 mixti,
443 1401 476 1456 et
496 1391 661 1476 diligenter
682 1389 851 1456 exsiccatis
897 1389 1025 1456 Deinde
1046 1413 1128 1478 pone
1150 1413 1221 1456 enm
1244 1401 1318 1455 ante
1340 1391 1411 1456 for-

312 1517 423 1558 nacem
449 1493 566 1557 ferrarii
592 1515 686 1580 snper
712 1493 876 1573 carbones,
902 1493 947 1558 ita
972 1503 1008 1558 ut
1033 1517 1106 1557 cum
1132 1495 1222 1558 folles
1249 1493 1411 1570 flaverint,

310 1607 422 1661 ventus
447 1597 561 1682 partim
584 1595 713 1660 interius
736 1595 850 1681 partim
876 1597 1018 1682 superius
1042 1593 1192 1681 procedat
1214 1603 1247 1659 et
1269 1616 1333 1659 non
1358 1594 1410 1658 in·

311 1699 416 1764 terim.
462 1699 506 1762 Et
532 1697 761 1784 circumpositis
787 1698 916 1761 minutis
942 1699 1143 1777 carbonibus,
1170 1698 1332 1785 aequuliter
1359 1698 1411 1760 in-

311 1821 393 1886 pone
408 1819 551 1886 cuprum,
567 1807 600 1864 et
613 1799 790 1884 superadde
804 1801 984 1885 congeriem
996 1799 1178 1864 carbonum.
1218 1799 1315 1875 Quod
1331 1821 1410 1863 cum

311 1901 366 1964 diu
388 1900 545 1964 sufflando
567 1899 661 1963 fuerit
681 1899 894 1988 liquefactum,
917 1902 1092 1990 discooperi
1108 1911 1139 1966 et
1161 1923 1236 1965 mox
1251 1901 1410 1964 minutam

311 2001 485 2065 carbonum
501 2000 642 2064 favillam
664 2022 757 2086 super
778 2002 855 2066 illud
874 2003 989 2088 proice,
1008 2011 1040 2068 et
1061 2025 1133 2069 cum
1148 2005 1234 2091 ligno
1250 2003 1360 2090 gracili
1377 2013 1412 2065 et

312 2102 397 2168 sicco
416 2103 506 2189 quasi
529 2101 692 2167 miscendo
715 2126 891 2186 commove,
907 2107 1090 2195 videbisque
1112 2108 1217 2172 stetim
1240 2105 1410 2191 plumbum

312 2205 513 2270 combustum
535 2204 594 2291 ipsi
617 2205 732 2270 favilloe
754 2209 845 2294 quasi
867 2210 975 2295 gluten
997 2210 1166 2274 adhaerere.
1212 2208 1286 2284 Quo
1304 2207 1411 2292 ejecto

312 2308 425 2372 iterum
440 2309 594 2374 carbones
611 2329 798 2396 superpone,
820 2319 856 2374 ut
875 2310 976 2396 primo
994 2311 1048 2374 diu
1064 2311 1204 2390 sufflans,
1221 2331 1411 2394 rursumque

312 2409 499 2497 discooperi,
520 2419 552 2474 et
573 2419 650 2476 tunc
668 2412 720 2476 fac
741 2421 870 2477 utente
892 2414 1003 2478 fecisti.
1049 2413 1145 2489 Quod
1168 2412 1289 2476 tamdiu
1311 2411 1410 2474 facies

313 2513 414 2577 donec
429 2513 593 2598 plumbum
609 2514 740 2578 omnino
758 2515 967 2602 excoquendo
985 2516 1088 2580 eicias.
1136 2515 1262 2578 Deinde
1277 2513 1411 2577 infunde

313 2637 407 2702 super
427 2615 625 2695 infusorium,
645 2615 732 2703 quod
754 2616 795 2680 ad
819 2617 880 2680 hoc
902 2619 1069 2703 aptaveris,
1092 2625 1124 2681 et
1146 2617 1191 2680 sic
1212 2616 1362 2702 probabis
1384 2615 1412 2679 si

314 2737 427 2803 purum
448 2719 497 2783 sit.
541 2718 628 2782 Tene
642 2719 718 2782 illud
740 2741 813 2784 cum
837 2719 953 2804 forcipe
975 2721 1020 2783 ita
1040 2719 1190 2798 candens,
1209 2719 1293 2804 prius
1309 2739 1411 2804 quam

314 2819 511 2906 refrigeretur
526 2831 558 2884 et
582 2831 710 2907 percute
732 2821 843 2908 greudi
867 2822 980 2885 malleo
1003 2843 1097 2906 super
1116 2821 1261 2884 incudem
1277 2819 1411 2897 fortiter,

314 2927 346 2984 et
371 2921 398 2984 si
424 2919 578 3005 frangitur
602 2933 657 2985 aut
682 2923 820 3002 finditur,
845 2923 950 2988 denuo
976 2921 1134 3008 oportebit
1156 2921 1230 2986 illud
1256 2921 1411 3006 liquefieri

315 3021 398 3085 sicut
410 3023 507 3108 prius.
553 3023 586 3086 Si
602 3045 676 3088 vero
691 3045 804 3088 sanum
825 3025 1041 3111 permanserit,
1057 3023 1300 3109 refrigerabisin
1315 3045 1411 3110 aqua,

314 3131 347 3188 et
361 3123 444 3188 aliud
460 3125 572 3190 eodem
587 3125 684 3190 modo
698 3147 826 3212 coques.
870 3125 941 3190 Hoc
956 3146 1087 3212 cuprum
1103 3135 1234 3190 vocatur
1248 3126 1411 3190 torridum.

317 3225 368 3291 Ex
383 3225 444 3292 hoc
459 3249 558 3314 cupro
573 3227 722 3316 quicquid
742 3228 845 3292 facere
860 3228 993 3292 volneris
1008 3227 1117 3292 ductili
1132 3250 1235 3313 opere,
1251 3229 1283 3291 in
1298 3227 1413 3314 imagi-

316 3328 418 3408 nibus,
441 3341 474 3394 et
495 3331 603 3396 bestiis
626 3341 658 3396 et
683 3331 805 3410 avibus,
827 3330 859 3394 iu
884 3329 1028 3394 turibulis
1054 3340 1086 3394 et
1109 3329 1241 3393 diversis
1263 3331 1357 3410 vasis,
1379 3331 1413 3394 in

315 3431 420 3496 limbis
442 3434 629 3512 tabularum,
653 3434 685 3496 in
705 3433 765 3497 filis
783 3442 815 3497 et
837 3433 968 3511 catenis,
989 3433 1030 3496 ed
1051 3431 1268 3496 deaurandum
1289 3435 1415 3518 operari

317 3533 444 3616 poteris.
491 3535 542 3598 Ex
566 3536 626 3600 hoc
649 3557 746 3622 cupro
770 3535 892 3600 confice
918 3533 1108 3598 auricalcum
1135 3555 1208 3597 cum
1234 3533 1414 3619 adjectione

318 3633 491 3715 caluminse,
502 3636 614 3702 eodem
627 3638 723 3702 modo
735 3658 799 3724 quo
811 3637 952 3722 superius
967 3659 1010 3700 aes
1022 3637 1232 3700 caldariorum
1245 3658 1415 3723 composu-

317 3735 379 3799 isti.
425 3735 520 3813 Quod
547 3762 619 3804 curu
642 3749 754 3829 quater
779 3748 835 3804 eut
856 3739 1021 3826 quinquies
1045 3739 1201 3802 recoxeris
1224 3739 1256 3802 in
1278 3739 1416 3804 vasculis

320 3836 411 3902 frumo
427 3839 592 3926 impositis,
607 3843 757 3931 quicquid
781 3842 895 3907 exinde
909 3843 943 3905 in
957 3841 1151 3906 diversorum
1167 3863 1298 3926 operum
1314 3840 1416 3905 varie·

320 3949 383 4005 tete
398 3940 525 4024 fuderis,
541 3945 659 4030 optime
674 3945 825 4009 deaurare
840 3943 965 4030 poteris.

621 4279 888 4290 .......-—---.—-
906 4277 1114 4288 -.Μ
