3140 5152
276 447 342 516 364
637 471 829 516 rusorum
856 471 961 514 arnan
985 471 1039 514 rrr.

276 631 470 702 amoveatur,
487 623 542 688 sed
560 625 722 710 aliquanto
738 623 842 710 spatio
858 633 1012 701 teneatur,
1028 632 1064 686 ut
1078 623 1104 686 si
1119 644 1162 686 aes
1177 620 1382 686 descenderit

277 726 380 792 denub
396 725 650 810 superfundatur.
697 726 792 802 Quod
814 727 840 790 si
861 735 894 789 tu
914 726 956 789 ab
977 725 1037 789 boc
1056 725 1164 789 labore
1183 725 1378 810 portantium

278 837 311 890 et
336 829 459 892 diverse
486 829 684 892 fundentium
708 829 866 894 retrahere
889 829 1034 906 volueris,
1051 828 1178 915 acquire
1195 827 1250 890 tibi
1274 827 1379 890 maxi-

277 952 364 992 mum
387 931 539 994 cacabum
565 930 617 1017 qui
642 931 682 995 sit
708 931 863 998 infundo
887 931 1028 1017 aequalis,
1051 939 1084 994 et
1110 930 1160 994 fac
1183 930 1210 995 ei
1233 930 1378 994 foramen

277 1054 375 1096 unum
391 1033 422 1096 in
438 1034 534 1098 latere
549 1035 691 1120 ejusdem
708 1035 808 1114 fundi,
823 1043 920 1121 atque
936 1033 1062 1119 cooperi
1077 1056 1150 1098 eum
1166 1033 1277 1119 argilla
1290 1034 1379 1097 intus

276 1147 308 1200 et
323 1145 422 1215 extra,
437 1135 520 1201 sicut
538 1137 689 1222 superius
735 1135 810 1212 Quo
832 1137 917 1201 iacto
933 1137 1024 1201 sistes
1039 1159 1111 1201 eum
1130 1139 1225 1224 juxta
1240 1136 1377 1200 formam

275 1261 340 1304 non
368 1239 494 1325 longius
516 1243 611 1325 quam
635 1239 776 1326 quinque
798 1240 914 1324 pedum
941 1239 1054 1326 spatio,
1081 1251 1114 1305 et
1138 1240 1320 1326 circumfige
1347 1238 1378 1301 ei

276 1343 411 1428 paxillos
426 1352 521 1430 atque
537 1343 643 1429 ignem
666 1365 737 1406 cum
759 1343 950 1408 carbonibus
964 1344 1092 1430 inpone.
1137 1343 1284 1431 Cumque
1299 1363 1378 1406 can·
1472 1421 1475 1424 Ι

277 1445 381 1508 duerit
395 1446 522 1510 obstrue
542 1445 683 1512 foramen
706 1468 778 1510 cum
802 1447 921 1532 argillrl,
937 1447 1023 1533 quod
1038 1467 1164 1510 versum
1180 1446 1240 1510 erit
1253 1446 1294 1509 ad
1310 1445 1377 1508 lor-

278 1569 375 1625 mam,
391 1557 422 1612 et
436 1569 591 1633 compone
612 1547 641 1610 ei
656 1548 742 1634 ligna
760 1561 904 1634 quatuor,
924 1559 957 1613 et
975 1549 1111 1634 paxillos
1126 1549 1255 1613 interius
1270 1548 1377 1612 lorna-

277 1675 410 1740 cemque
435 1653 530 1718 facito
556 1654 588 1716 in
613 1654 755 1732 circuitu,
782 1655 864 1719 sicut
887 1655 1038 1741 superius.
1087 1655 1212 1720 Deinde
1238 1653 1376 1740 inposito

277 1777 375 1840 cupro
398 1777 470 1818 cum
493 1757 681 1820 carbonibus
704 1766 736 1820 et
756 1757 842 1843 igne,
864 1757 1080 1844 adpositisque
1099 1757 1199 1820 tribus
1213 1757 1377 1820 ordinibus

278 1858 410 1935 follium,
435 1858 485 1922 sac
511 1857 580 1922 llari
606 1859 742 1923 viriliter.
811 1859 940 1924 Interim
965 1861 1085 1924 habeas
1111 1859 1232 1946 lignum
1255 1859 1375 1922 siccum

278 1969 374 2024 tantae
396 1960 602 2046 longitudinis
622 1971 658 2024 ut
677 1962 777 2047 possit
800 1963 970 2048 procedere
987 1985 1007 2026 a
1022 1961 1177 2026 foramine
1199 1961 1306 2025 cacabi
1324 1983 1376 2024 us-

277 2063 339 2152 que
362 2061 403 2125 ad
418 2085 455 2126 os
471 2062 591 2142 formae,
613 2065 704 2150 cujus
726 2075 894 2128 curvatura
909 2065 951 2128 sit
964 2065 1081 2150 ampla.
1127 2063 1224 2139 Quod
1246 2087 1316 2128 cum
1333 2087 1374 2128 ex

277 2165 366 2231 omni
389 2175 477 2250 parte
499 2167 706 2252 cooperiveris
729 2167 840 2253 argilla
854 2178 887 2231 et
906 2166 1045 2232 maxime
1068 2167 1220 2252 superius,
1241 2167 1375 2231 infodies

278 2269 323 2332 ita
336 2277 373 2332 ut
386 2270 506 2355 aequalc
522 2269 563 2334 sit
577 2279 668 2335 terrae
681 2271 738 2334 sed
749 2272 843 2358 juxta
858 2271 1013 2335 cacabum
1029 2271 1153 2335 modice
1165 2269 1266 2350 altius,
1278 2279 1375 2356 atque

278 2372 468 2458 superfundo
492 2372 520 2435 ei
543 2373 659 2459 ignitos
681 2374 845 2438 carbones.
894 2373 976 2436 Mox
991 2373 1129 2460 inposito
1151 2382 1266 2458 stagno
1280 2381 1376 2458 atque

279 2484 440 2540 commoto
454 2498 564 2561 cupro,
585 2477 665 2540 sicut
680 2477 822 2563 superius
837 2497 910 2540 curn
926 2498 1022 2539 curvo
1036 2476 1118 2538 ferro
1133 2475 1219 2562 qnod
1234 2475 1275 2539 sit
1288 2475 1376 2560 ligno

280 2579 402 2642 fortiter
416 2579 558 2658 affixum,
570 2580 654 2665 aperi
672 2580 824 2660 foramen,
836 2589 868 2644 et
883 2579 1069 2657 astantibus,
1080 2578 1136 2665 qui
1151 2586 1280 2642 teneant
1294 2578 1376 2642 duos

279 2682 447 2746 colatorioa
471 2703 605 2766 pannos,
629 2683 696 2747 sina
719 2683 764 2747 eis
790 2683 905 2763 fluere;
932 2682 1089 2746 interdum
1109 2689 1217 2744 tamen
1238 2679 1376 2744 tenendo

278 2785 361 2848 sicut
382 2783 534 2870 superius.
579 2783 725 2872 Cumque
748 2787 849 2851 forma
871 2787 966 2873 plena
987 2785 1090 2863 luerit,
1112 2785 1138 2848 si
1158 2785 1234 2872 quid
1254 2784 1323 2848 aeris
1343 2784 1376 2848 in

279 2886 399 2950 cacabo
430 2887 589 2966 remansit,
615 2889 648 2951 in
679 2888 860 2953 summitate
888 2887 965 2974 ligni
996 2888 1097 2975 grossi
1127 2909 1209 2974 pone
1237 2909 1375 2952 massam

279 2985 396 3072 argillae
421 2993 453 3048 et
478 2994 552 3048 ante
576 2986 717 3050 foramen
742 2987 863 3051 fortiter
888 2987 1028 3074 impinge
1056 2995 1091 3051 ut
1117 3009 1189 3050 eum
1219 2987 1375 3050 obstruas.

282 3087 354 3152 Hoc
374 3095 507 3172 utroque
527 3087 622 3151 modo
639 3089 790 3153 fundendi
807 3091 928 3176 possint
942 3091 1036 3154 etiam
1062 3091 1199 3154 minores
1213 3110 1377 3173 campanas

280 3191 370 3256 firndi
385 3199 420 3254 ut
435 3190 609 3254 secundum
625 3193 834 3278 quantitatem
849 3215 957 3258 earum
973 3195 1053 3257 fiant
1067 3193 1188 3258 cacabi.

324 3791 408 3856 Cum
419 3815 493 3858 vcro
502 3815 545 3858 oes
557 3794 588 3857 in
599 3793 750 3860 infusorio
762 3796 931 3874 duraverit,
942 3796 992 3860 fac
1002 3807 1037 3860 ut
1048 3797 1190 3860 certatim
1201 3805 1281 3858 term
1290 3794 1378 3880 ejici-

280 3907 351 3961 atur
365 3919 385 3960 a
400 3897 485 3962 fossa
500 3905 532 3961 ct
547 3897 685 3962 exterius
701 3899 898 3985 aliquantum
915 3898 1114 3984 refrigeretur
1124 3908 1215 3963 terra.
1261 3897 1378 3982 Ejecta

280 4021 354 4064 vero
370 4009 462 4080 terra,
485 3999 554 4086 ipsa
570 3999 671 4064 forma
691 4001 857 4064 inclinetur
875 4001 907 4062 in
924 4023 987 4065 uno
1003 4003 1100 4065 latere
1116 4011 1147 4065 et
1162 4011 1244 4064 terra
1258 4021 1377 4084 suppo-

279 4112 383 4183 natur,
394 4103 503 4188 sicque
518 4104 575 4166 fiat
589 4103 701 4181 donec,
714 4103 825 4166 eodem
842 4103 938 4168 modo
954 4125 1018 4190 quo
1033 4104 1180 4188 inposita,
1192 4111 1240 4165 est
1255 4123 1274 4164 a
1289 4101 1378 4166 fossa

279 4205 432 4290 ejiciatur.
477 4203 552 4280 Quo
568 4205 663 4284 facto,
679 4227 773 4290 super
788 4227 886 4268 unum
902 4206 984 4270 latus
999 4205 1128 4270 omnino
1145 4205 1332 4290 deponatur,
1344 4215 1379 4268 et

278 4329 352 4372 curu
369 4309 530 4372 securibus
542 4307 674 4394 aliisque
689 4307 777 4370 ferris
790 4307 889 4371 acutis
905 4309 957 4394 qui
974 4309 1038 4372 sint
1053 4307 1140 4371 infixi
1153 4306 1256 4393 longis
1271 4305 1378 4392 lignis,

192 4477 194 4482 ,
279 4409 408 4474 interior
432 4411 544 4494 argilla
567 4410 711 4474 certatim
738 4410 888 4494 ejiciatur,
914 4411 988 4497 quia
1011 4413 1036 4474 si
1064 4411 1262 4496 permittatur
1283 4409 1316 4474 in
1339 4433 1379 4474 ea
