3140 5152
297 523 360 585 3⁶20
649 535 836 580 rrssoerrrur
860 535 962 578 ursan
986 535 1038 578 rrr.

297 693 329 756 in
344 700 399 755 tuo
411 692 452 754 sit
466 689 604 768 arbitrio,
615 697 721 752 utrum
736 703 789 752 eas
805 687 911 771 nigras
925 685 1061 750 volueris
1075 705 1145 748 esee
1160 705 1201 747 an
1213 684 1401 748 deauratas.

297 793 380 858 Cum
397 813 470 856 vero
485 791 603 855 lamina
622 791 789 877 diligenter
810 810 881 854 rasa
895 787 999 868 fuerit,
1019 786 1128 850 statim
1148 785 1304 850 invivabis
1324 807 1403 849 eam

297 917 369 958 cum
385 893 582 958 confectione
597 893 711 956 vinicei
726 891 840 978 lapidis
855 898 888 954 et
901 890 974 953 vivo
995 896 1138 973 argento,
1159 895 1191 950 et
1206 909 1282 950 mox
1298 886 1402 950 deau-

298 996 394 1073 rabis,
409 995 656 1081 deauratamque
665 1015 730 1058 non
742 993 924 1078 exstingues
936 993 968 1054 in
978 1011 1072 1077 aqua,
1082 989 1139 1054 sed
1151 1011 1208 1075 per
1223 1011 1258 1053 se
1266 989 1404 1074 refrige-

298 1098 427 1176 rabitur,
457 1097 619 1183 potiesque
643 1095 724 1159 sicut
747 1115 843 1180 supra
866 1093 986 1157 dictum
1013 1101 1072 1170 est,
1099 1101 1132 1154 et
1157 1091 1272 1156 eodem
1298 1091 1404 1155 modo

299 1199 464 1264 colorabis.

601 1483 1092 1494 ,Μ

585 1742 814 1840 CAPUT
874 1741 1108 1838 LXXII.

636 1978 682 2020 DE
704 1979 814 2020 OPERE
837 1977 1067 2020 lnrnnnmm.

388 2142 571 2207 'l'FENUA
593 2141 650 2206 tibi
677 2142 810 2206 laminas
835 2165 873 2208 ex
889 2143 1001 2207 eodem
1025 2163 1123 2230 cupro
1150 2143 1233 2206 sicut
1248 2143 1407 2227 superius,

411 2246 466 2310 sed
484 2245 624 2331 spissius,
646 2265 726 2331 quas
741 2253 912 2330 pertractas
933 2267 1133 2331 quocumque
1154 2267 1249 2330 opere
1265 2245 1406 2310 volueris

305 2349 414 2427 fodies,
437 2357 473 2411 ut
492 2346 658 2432 suprarius.
710 2345 834 2410 Deinde
856 2345 976 2410 habeas
999 2347 1097 2410 ferros
1120 2346 1252 2432 graciles
1277 2355 1310 2409 et
1334 2347 1407 2410 lati·

305 2472 386 2528 ores,
407 2447 581 2513 secundum
596 2447 805 2533 quantitatem
821 2467 1016 2532 camporum,
1039 2447 1093 2533 qui
1108 2447 1171 2510 sint
1186 2448 1218 2508 in
1234 2467 1300 2509 una
1316 2469 1407 2510 sum·

305 2551 415 2614 mitate
428 2561 538 2614 tenues
553 2559 585 2614 et
600 2549 695 2628 acuti,
719 2549 751 2612 in
767 2549 866 2613 altera
881 2548 996 2627 obtusi,
1014 2549 1069 2635 qui
1080 2557 1235 2612 vocantur
1248 2551 1363 2612 meiat
1374 2547 1383 2579 ¹
1392 2579 1405 2620 ,-

304 2672 488 2738 ponensque
502 2651 652 2714 laminam
669 2672 763 2738 super
777 2651 936 2730 incudem,
948 2672 1078 2736 campos
1089 2671 1201 2714 omnes
1216 2649 1407 2734 perforabis,

305 2775 377 2816 cum
408 2753 595 2838 supradictis
631 2752 718 2818 ferris
753 2753 931 2838 percutiens
960 2775 1034 2817 cum
1068 2753 1193 2815 malleo·
1254 2749 1408 2838 Cumque

305 2875 415 2918 omnes
437 2855 540 2940 campi
556 2855 610 2918 tali
632 2855 728 2918 modo
751 2855 865 2918 fuerint
887 2853 1047 2939 perforati,
1069 2874 1142 2916 cum
1159 2851 1241 2915 limis
1263 2852 1407 2937 parvulis

304 2955 444 3040 requabis
466 2977 521 3020 eos
543 2977 599 3041 per
621 2956 727 3020 omnia
744 2978 843 3043 usque
860 2955 900 3018 ad
923 2963 1051 3019 tractos.
1100 2953 1175 3028 Quo
1196 2953 1281 3017 facto
1303 2952 1407 3018 deau-

307 3055 400 3133 rabis,
416 3063 448 3118 et
462 3056 562 3140 polias
575 3056 737 3134 laminam,
752 3065 788 3120 ut
803 3076 906 3141 supra.

349 3153 473 3219 Eodem
488 3155 585 3219 modo
600 3156 680 3219 fiunt
694 3155 821 3234 tabulae,
835 3165 868 3219 et
881 3156 1006 3220 laminae
1021 3163 1179 3240 argenteae
1195 3175 1290 3240 super
1304 3155 1407 3220 libros

306 3278 379 3320 cum
395 3256 594 3344 imaginibus,
618 3257 747 3322 floribus
768 3268 862 3345 atque
882 3257 1023 3320 bestiolis
1039 3265 1071 3318 et
1085 3255 1207 3335 avibus,
1230 3257 1406 3345 exquibus

306 3380 379 3445 pars
406 3360 585 3440 deauratur,
600 3358 745 3423 videlicet
769 3381 893 3422 coronae
917 3359 1091 3444 imaginum
1118 3367 1150 3421 et
1175 3357 1280 3444 capilli
1307 3367 1408 3444 atque

305 3463 492 3525 vestimenta
506 3483 561 3545 per
576 3461 654 3540 loca,
678 3469 709 3522 et
724 3483 797 3546 pars
819 3469 961 3524 remanet
982 3467 1142 3546 argentea.
1188 3457 1286 3523 Fiunt
1305 3461 1408 3524 etiam

305 3569 337 3622 ct
358 3561 484 3624 laminae
505 3583 628 3646 cupreae
650 3571 682 3622 et
704 3561 875 3642 fodiuntur,
890 3571 922 3625 et
944 3561 1148 3648 denigrantur
1168 3583 1206 3624 ac
1229 3561 1386 3624 raduntur
1397 3585 1408 3639 ;

306 3660 419 3725 deinde
435 3663 467 3723 in
482 3663 598 3748 patella
617 3661 786 3747 liquefacto
802 3673 916 3748 stagno
937 3663 1114 3742 mittuntur,
1137 3673 1173 3726 ut
1192 3683 1309 3725 rasurae
1324 3661 1412 3726 albae

306 3761 395 3840 fiant,
410 3762 501 3849 quasi
516 3762 728 3848 deargentata
743 3763 815 3826 sint.
844 3763 896 3827 Ex
910 3764 960 3827 his
976 3764 1112 3849 ligantur
1127 3763 1285 3827 cathedrae
1300 3763 1410 3848 pictae,

306 3872 338 3926 et
351 3863 471 3944 sedilia,
487 3873 581 3950 atque
595 3863 686 3943 lecti,
711 3873 861 3928 ornantur
875 3865 971 3929 etiam
986 3865 1057 3929 libri
1072 3885 1255 3950 paupemm.

615 4015 621 4044 ¹
642 4014 718 4064 Unde:
730 4015 866 4078 omnem.
885 4015 900 4042 '‘
907 4015 988 4064 memet
996 4017 1008 4036 '¹
1026 4017 1098 4066 taus.
