3216 5138
301 506 361 572 150
636 524 826 569 nnsormm
853 525 956 568 arasa
980 525 1016 569 11.

297 675 433 740 exterius
448 676 628 739 rotundum.
675 675 800 739 Deinde
823 675 982 740 ordinabis
1002 675 1067 739 duo
1082 674 1175 759 signa
1190 673 1321 759 parvula
1336 695 1393 736 ex·

296 777 392 840 terius
407 778 439 840 in
454 786 586 864 utraque
606 777 767 865 utriusque
787 778 865 862 ligni
884 777 997 858 fronte,
1012 775 1187 840 secundum
1201 774 1289 862 quod
1305 775 1394 839 volu-

297 879 357 942 eris
372 879 529 942 calamum
544 880 644 942 latum
661 901 730 943 esse
749 879 783 942 in
801 880 917 960 medio,
932 878 1156 965 accipiensque
1170 878 1260 941 filum
1275 877 1394 942 lineum

296 989 447 1045 retortum
463 991 495 1045 et
510 982 636 1068 gracile,
659 981 804 1046 madefac
826 982 900 1046 illud
919 982 951 1045 in
967 982 1064 1045 mbeo
1080 981 1197 1061 colore,
1212 979 1394 1068 disjunctis-

297 1103 358 1168 que
373 1082 476 1170 lignis,
491 1105 585 1170 snper
600 1105 696 1148 unam
711 1093 832 1169 partem
854 1084 983 1148 interius
997 1104 1123 1168 appone
1137 1083 1242 1169 ipsum
1258 1085 1358 1162 filum,
1373 1106 1393 1148 a

296 1182 388 1268 signo
407 1186 493 1271 quod
509 1186 646 1250 incidisti
662 1187 815 1272 superine,
830 1209 930 1274 usque
945 1187 986 1252 ad
1002 1187 1129 1272 signum
1144 1187 1283 1265 inferius,
1298 1187 1343 1250 ita
1359 1197 1395 1252 ut

297 1285 427 1350 firmiter
446 1289 645 1368 extendatur,
668 1305 700 1353 et
719 1289 896 1376 adjungens
917 1289 961 1352 illi
981 1290 1115 1353 alterum
1135 1289 1257 1375 lignum
1273 1290 1394 1354 fortiter

297 1391 479 1475 comprime,
501 1391 545 1456 ita
567 1400 603 1455 ut
623 1413 697 1455 cum
719 1391 910 1478 separaveris
930 1392 1017 1455 color
1037 1391 1070 1456 in
1091 1390 1230 1477 utrisque
1250 1390 1394 1475 partibus

296 1502 457 1575 appareat.
503 1492 714 1580 Ejectumque
747 1495 835 1557 filum
865 1503 897 1558 et
932 1515 1055 1557 rursum
1089 1492 1195 1557 colore
1228 1492 1393 1557 madidum

297 1594 392 1680 affige
406 1595 439 1658 in
454 1597 587 1660 alterum
605 1597 742 1684 signnm,
757 1597 932 1683 iterumque
949 1616 1047 1680 super
1067 1615 1151 1679 pone
1169 1593 1254 1657 aliud
1270 1594 1392 1680 lignum

296 1705 328 1758 et
342 1697 525 1783 comprime.
571 1697 717 1785 Cumque
737 1699 769 1761 in
785 1698 926 1784 utrisque
944 1696 1086 1782 partibus
1100 1697 1188 1760 color
1203 1697 1393 1781 apparuerit,

295 1797 399 1863 incide
419 1801 546 1864 cultello
565 1801 733 1879 calamum,
755 1821 851 1886 quam
871 1801 969 1862 latum
991 1809 1023 1862 et
1037 1797 1232 1883 profundum
1247 1799 1393 1877 volueris,

295 1899 340 1964 sic
355 1909 462 1964 tamen
477 1912 513 1965 ut
527 1903 663 1966 incisura
678 1904 775 1966 finem
794 1924 858 1966 non
874 1909 1080 1986 pertranseat,
1096 1901 1152 1964 sed
1168 1901 1323 1986 superius,
1338 1901 1408 1968 ubi.

294 2000 417 2066 infundi
439 2003 543 2084 debet,
567 2004 709 2068 foramen
735 2003 861 2068 habeat.
909 2002 983 2080 Quo
1007 2002 1091 2066 lacto
1113 2003 1201 2088 ligna
1223 2003 1393 2088 conjunge,

295 2103 397 2188 ligans
418 2128 489 2170 cum
511 2105 645 2193 corrigia
661 2127 680 2169 a
695 2128 819 2170 summo
841 2126 941 2191 usque
961 2105 1121 2186 deorsum,
1140 2115 1173 2168 et
1192 2113 1303 2168 tenens
1319 2127 1393 2169 cnm

295 2205 382 2291 ligno
408 2208 538 2272 infunde
569 2209 744 2293 plumbum,
774 2208 940 2293 solutaque
969 2207 1104 2292 corrigia
1131 2207 1198 2270 eice
1224 2207 1392 2272 calamm.

297 2308 500 2396 Rursumque
524 2311 629 2397 ligans
651 2320 684 2374 et
705 2310 885 2390 infundens,
908 2310 969 2374 boc
991 2319 1059 2372 tam
1081 2309 1136 2372 diu
1159 2308 1266 2388 facies,
1290 2309 1393 2374 donec

295 2421 404 2476 ustura
433 2435 533 2501 usque
563 2414 604 2478 ad
634 2415 731 2478 finem
762 2412 904 2478 incisurae
934 2411 1114 2497 perveniat;
1145 2409 1253 2497 sicque
1283 2419 1395 2496 postea

294 2515 413 2597 leviter,
428 2517 553 2604 quoties
569 2526 601 2580 et
620 2525 774 2603 quantum
788 2514 924 2578 volueris
938 2513 1102 2577 infundere
1118 2511 1246 2597 poteris.
1293 2510 1394 2576 Cum-

295 2640 356 2707 que
379 2621 436 2684 tibi
458 2619 601 2685 sufficere
621 2619 761 2682 calamos
775 2617 900 2696 videris,
926 2615 1030 2680 incide
1051 2615 1171 2700 lignum
1196 2613 1322 2678 duobus
1344 2613 1394 2678 di·

296 2723 369 2808 gitis
383 2725 482 2789 latum
497 2732 609 2787 ettam
625 2722 761 2806 spissum
776 2720 858 2784 sicut
872 2719 1013 2782 calamus
1028 2728 1077 2781 est
1090 2715 1230 2795 interius,
1246 2715 1393 2780 dividens

295 2826 371 2890 illud
390 2828 422 2890 in
443 2824 547 2889 medio
567 2825 623 2902 ita,
644 2832 680 2886 ut
699 2823 730 2886 in
752 2844 817 2885 una
838 2821 941 2886 fronte
962 2819 1119 2906 integrum
1140 2818 1180 2881 sit
1199 2827 1232 2881 et
1246 2818 1278 2881 in
1293 2819 1394 2882 altera

297 2928 428 2991 incisum
444 2926 498 2990 ubi
513 2927 652 2990 calamus
672 2924 833 2988 inferatur.
880 2922 985 3000 Quem
1000 2921 1185 3007 impositum
1200 2921 1303 2985 incide
1319 2943 1393 2986 cum

296 3029 420 3092 cultello
436 3051 475 3092 cx
492 3036 624 3113 utraque
639 3035 737 3112 parte,
753 3034 786 3089 et
800 3026 894 3110 plana
909 3035 941 3088 et
956 3024 1030 3087 rade
1046 3023 1127 3088 sicut
1142 3025 1303 3109 placuerit.

575 3645 815 3744 CAPUT
874 3643 1107 3739 XXVII.

393 3872 438 3913 DE
461 3870 716 3915 consonamus
741 3869 782 3912 ET
805 3865 1078 3912 cousoulnnums
1102 3864 1294 3908 FENESTRIS.

389 4023 429 4088 IS
451 4024 495 4088 ita
521 4023 702 4108 compositis
727 4021 833 4106 accipe
857 4028 1004 4104 stagnum
1032 4038 1144 4102 purum
1167 4023 1199 4078 et
1220 4016 1393 4080 commisce

422 4126 450 4188 ei
479 4126 621 4213 quintam
648 4132 769 4211 partem
799 4121 929 4206 plumbi,
959 4129 991 4183 et
1020 4119 1116 4182 luade
1147 4117 1179 4178 in
1209 4117 1393 4201 supradicto

295 4232 377 4295 ferro
392 4231 458 4293 sive
477 4230 564 4315 ligno
581 4235 660 4316 quot
679 4227 819 4290 calamos
834 4225 968 4289 volneris
983 4244 1056 4286 cum
1076 4220 1190 4309 quibus
1206 4241 1286 4306 opus
1301 4228 1392 4283 tunm

295 4333 455 4398 solidabis.
505 4331 636 4395 Habeas
666 4349 791 4416 qnoque
821 4327 928 4390 clavos
958 4322 1169 4412 qnadraginta
1194 4321 1394 4407 longitndine

296 4437 388 4500 unius
411 4436 511 4521 digiti,
538 4435 592 4520 qui
619 4432 680 4496 sint
706 4431 738 4494 in
765 4453 828 4493 uno
854 4429 955 4514 capite
982 4425 1113 4512 graciles
1141 4433 1172 4486 et
1196 4423 1335 4502 rotundi,
1359 4423 1393 4487 in
