3168 5140
663 493 854 540 'summm
879 493 984 536 unae
1007 491 1062 537 111.

686 763 932 862 CAPUT
995 765 1047 859 O

690 985 822 1028 tranum
847 985 893 1028 DE
916 983 1047 1028 EODEM·

316 1085 580 1288 Cououeu
595 1133 724 1198 audem
740 1133 874 1221 quau
888 1131 929 1196 ad
945 1125 1211 1243 usumseuaenu
1227 1125 1407 1200 subruere,

428 1237 460 1302 in
476 1259 550 1302 vase
565 1257 637 1300 ereo
653 1237 714 1300 mcl
729 1257 802 1300 cum
817 1243 909 1298 aceto
921 1233 1014 1298 valde
1028 1231 1208 1296 immixtum
1224 1249 1319 1315 aequo
1335 1247 1407 1311 pon·

313 1341 388 1406 dere
410 1341 566 1419 infundat,
589 1361 627 1402 ac
649 1337 764 1403 deiude
786 1335 818 1399 in
839 1334 1044 1422 sterquilinio,
1067 1332 1120 1399 ubi
1141 1332 1225 1396 calet
1240 1331 1323 1416 plus,
1339 1325 1408 1391 illud

314 1445 504 1510 abscondat.

675 1813 907 1913 CAPUT
967 1812 1055 1910 CL

818 2038 914 2082 ITEM.

319 2187 544 2346 ACCIPE
559 2211 615 2254 vas
631 2211 793 2276 cupreum,
808 2199 841 2254 et
862 2189 934 2254 lava
949 2189 1026 2255 illud
1042 2189 1126 2252 intus
1141 2197 1173 2252 et
1188 2189 1265 2254 soris
1281 2197 1315 2252 et
1330 2189 1409 2251 mitte

446 2293 486 2358 ad
503 2293 602 2358 solem
617 2301 653 2356 ut
668 2292 812 2356 siccetur.
859 2290 979 2356 Postea
993 2300 1125 2377 accepto
1141 2292 1234 2356 melle
1248 2291 1409 2378 purissimo

318 2419 459 2486 perunge
474 2396 558 2472 intus
579 2403 611 2460 et
634 2393 719 2458 foris.
766 2393 892 2458 Deinde
907 2401 1035 2460 contere
1050 2395 1096 2460 sal
1112 2416 1208 2482 super
1221 2395 1371 2481 lapidem,
1384 2401 1412 2454 et

319 2523 392 2566 cum
407 2521 445 2566 eo
460 2508 562 2564 totum
586 2495 772 2584 praedictum
789 2518 844 2560 vas
865 2517 1008 2584 asperge,
1025 2507 1056 2562 et
1070 2506 1145 2560 tuuc
1161 2496 1245 2560 idem
1262 2519 1321 2561 vas
1336 2515 1412 2582 pone

320 2625 414 2690 super
441 2601 617 2668 scultellam
643 2599 770 2688 plenam
795 2609 896 2678 aceto,
920 2599 1056 2685 positam
1079 2598 1112 2663 in
1138 2599 1244 2664 medio
1270 2598 1414 2664 stercoris

320 2727 484 2794 equorum,
499 2705 545 2768 ita
560 2713 676 2783 tameru
692 2711 727 2766 ut
742 2702 782 2767 de
797 2710 933 2766 stercore
949 2724 1051 2790 neque
1066 2723 1122 2766 vas
1136 2723 1300 2790 cupreum,
1317 2721 1414 2788 neque

319 2817 456 2888 acetum,
479 2807 731 2886 contaminetur;
755 2814 787 2870 et
809 2805 854 2869 sic
873 2805 998 2870 dimitte
1018 2815 1101 2870 stare
1124 2827 1180 2891 per
1200 2805 1344 2892 quinque
1365 2809 1415 2867 aut

321 2931 377 2974 aex
393 2909 470 2974 dies.
517 2910 637 2974 Postea
652 2909 727 2973 tolle
742 2907 827 2972 idem
844 2929 910 2987 vas,
925 2917 1048 2974 remoto
1063 2917 1210 2988 stercore,
1225 2917 1258 2973 et
1273 2910 1365 2974 mitte
1377 2905 1413 2971 ad

321 3013 421 3077 solem
437 3010 540 3074 donec
555 3010 700 3090 siccetur,
715 3019 748 3074 et
763 3018 839 3075 tunc
854 3032 927 3074 cum
942 3010 1067 3076 cultello
1081 3011 1201 3076 abrade
1216 3018 1320 3075 totum
1336 3009 1415 3076 colo·

321 3135 388 3178 rem
403 3113 457 3201 qui
473 3113 513 3177 de
528 3111 642 3176 eodem
657 3133 732 3176 vase
754 3113 918 3177 confectus
937 3122 997 3192 cst,
1012 3123 1045 3177 et
1060 3113 1150 3178 mitte
1165 3134 1237 3192 eum
1253 3113 1286 3176 in
1302 3111 1415 3201 aliquid

321 3237 389 3298 vas,
405 3225 437 3280 et
451 3215 550 3282 misce
565 3235 637 3280 eum
652 3214 759 3280 adhue
773 3237 846 3280 cum
862 3217 965 3298 melle,
980 3215 1072 3282 etsie
1086 3217 1232 3304 depinge.

661 3681 891 3779 CAPUT
950 3683 1121 3780 Cll.¹

670 3917 717 3960 DE
740 3919 939 3964 senopem
961 3922 1068 3966 Vl'l'lU.

437 4057 511 4213 Ο
535 4063 623 4129 VOS
639 4066 775 4132 artifices
789 4067 844 4154 qui
859 4068 1001 4156 sculpere
1017 4069 1109 4134 vultis
1125 4068 1257 4133 honeste

540 4166 677 4249 Vitium,
693 4189 776 4233 nunc
791 4170 883 4234 vobis
897 4171 1049 4257 pandam,
1065 4172 1152 4236 velut
1166 4169 1233 4257 ipse
1249 4171 1393 4257 probavi.

434 4271 568 4338 Vermes
583 4270 711 4360 quesivi
727 4271 860 4358 pingues
875 4295 956 4358 quos
972 4273 1064 4337 vertit
1079 4283 1218 4338 aratrum

721 4441 729 4472 ¹
748 4445 764 4472 “
775 4443 880 4492 Eraclii’'
896 4445 1003 4508 capitata
1012 4453 1049 4494 at.
