3236 5144
648 409 839 454 ranorum
864 411 968 454 uum
991 411 1044 455 111.

574 643 805 743 CAPUT
865 645 1113 744 xxxlu

671 863 755 908 trau
779 863 877 909 UNDB
898 863 1019 910 SUPRA.

295 1013 370 1168 Sl
386 1035 462 1078 vero
478 1033 589 1101 parum
603 1013 697 1078 fuerit
711 1012 789 1093 auri,
805 1013 892 1101 quod
907 1034 1043 1100 coquere
1058 1009 1116 1092 vis,
1131 1012 1236 1100 ipsum
1252 1023 1391 1100 percute,

397 1125 430 1182 et
451 1138 607 1203 compone
629 1117 661 1180 in
677 1125 775 1180 testas
790 1117 872 1182 sieut
885 1117 1039 1203 superius.
1086 1114 1205 1182 Postea
1218 1117 1328 1203 accipe
1342 1118 1390 1183 ol·

294 1222 357 1285 lam
371 1241 489 1285 novam
509 1228 542 1284 et
563 1219 674 1304 frange
697 1219 729 1283 in
752 1219 851 1283 fundo
873 1241 972 1283 unum
995 1219 1149 1298 foramen,
1164 1227 1196 1284 et
1209 1218 1294 1284 cirea
1308 1221 1391 1284 latus

294 1307 439 1409 quatuor,
455 1331 488 1386 et
503 1321 554 1386 fac
575 1321 608 1386 in
624 1320 734 1406 argilla
752 1321 847 1386 breve
861 1323 1025 1386 vasculum
1047 1343 1121 1386 curn
1142 1322 1244 1386 tribus
1257 1321 1390 1408 pedibus

293 1428 339 1492 sic
354 1425 546 1490 abinvicem
561 1424 725 1510 separatis,
740 1435 776 1488 ut
791 1425 915 1511 possint
931 1433 1013 1488 stare
1029 1445 1123 1510 super
1136 1423 1289 1503 foramen,
1304 1425 1390 1511 quod

293 1538 342 1594 est
369 1529 401 1593 in
426 1527 525 1602 fundo
549 1527 637 1608 ollae5
665 1549 760 1614 super
784 1527 872 1616 quod
896 1549 969 1592 cum
993 1527 1146 1591 siccatum
1173 1525 1266 1590 firerit
1292 1547 1391 1612 pones

294 1641 392 1696 testas
407 1652 480 1696 cum
496 1651 584 1711 auro,
605 1641 638 1695 et
651 1630 791 1696 elevabis
813 1630 909 1695 ollam
926 1651 1020 1715 super
1034 1639 1100 1695 tres
1115 1629 1237 1716 lapides
1252 1651 1272 1694 a
1286 1651 1321 1693 se
1335 1629 1391 1692 eli·

294 1736 482 1821 quantulum
505 1741 645 1798 remotos
659 1739 750 1820 aeque
771 1733 902 1819 spissos,
924 1741 957 1797 et
970 1731 1095 1796 inmitte
1109 1731 1265 1796 carbones
1279 1731 1392 1796 arden·

293 1845 352 1914 tes,
367 1835 482 1899 deinde
497 1835 664 1914 extinctos,
680 1835 789 1922 sicque
803 1835 948 1921 quotiens
960 1833 1134 1899 defecerint
1147 1855 1324 1921 superpone
1339 1833 1392 1896 fri-

294 1937 396 2024 gidos,
412 1947 445 2001 et
459 1957 623 2024 nunquam
645 1937 772 2023 patieris
787 1947 886 2002 testas
901 1939 1003 2002 nudas
1017 1959 1087 2002 esse
1102 1936 1143 2000 ab
1159 1937 1242 2022 igne.
1289 1933 1391 1998 Inter·

294 2039 371 2103 dum
387 2061 462 2103 vero
477 2061 550 2104 eum
574 2038 683 2124 gracili
705 2039 793 2126 ligno
813 2061 869 2126 per
885 2039 1046 2104 ¹foramen
1069 2038 1201 2104 inmisso
1215 2061 1309 2104 move
1323 2059 1392 2102 car-

294 2139 404 2220 bones,
420 2150 452 2205 et
466 2139 595 2206 inferius
617 2139 769 2220 similiter,
790 2152 827 2205 ut
848 2141 968 2206 cineres
983 2149 1099 2206 exeant
1113 2151 1146 2204 et
1159 2150 1272 2205 ventus
1287 2141 1392 2205 aditus

294 2243 413 2309 habeat
455 2241 572 2331 Sicque
587 2242 684 2307 facies
706 2265 780 2308 cum
802 2244 995 2309 carbonibus
1013 2244 1047 2306 in
1066 2243 1139 2322 olla,
1154 2241 1238 2308 sicut
1251 2243 1393 2330 superius

295 2369 368 2410 cum
383 2347 477 2432 lignis
493 2346 527 2412 in
542 2345 644 2411 furno.

589 2834 821 2932 CAPUT
876 2834 1094 2934 XXXV.

662 3053 709 3097 DE
731 3053 896 3100 MOLENDO
919 3053 1024 3100 AURO.

297 3203 527 3360 COCTUM
548 3226 623 3270 vero
645 3205 778 3292 pleniter
800 3227 922 3284 aurum,
945 3205 971 3269 si
993 3205 1113 3270 molere
1133 3205 1280 3283 volueris,
1302 3205 1394 3270 mitte

408 3309 482 3373 inde
499 3331 593 3396 super
607 3317 723 3374 tesam
745 3317 819 3374 octo
840 3307 1062 3372 ²denariorum
1085 3315 1117 3372 et
1139 3309 1280 3395 pondera
1295 3309 1394 3372 octies

293 3422 417 3476 tantum
432 3411 495 3475 vivi
517 3412 651 3496 argenti,
673 3410 724 3474 oui
741 3411 849 3475 statim
871 3411 997 3474 inmitte
1019 3431 1132 3474 aurum
1150 3421 1183 3474 et
1197 3411 1275 3475 frica
1289 3410 1394 3475 dorrec

293 3515 400 3578 album
416 3515 482 3593 fiat,
497 3523 593 3602 atque
609 3514 820 3600 particulatim
832 3514 1007 3600 confringe.
1051 3512 1139 3579 Tolle
1151 3537 1280 3601 quoque
1294 3537 1393 3578 unum

293 3605 456 3680 vasculum
481 3639 521 3682 ex
549 3617 609 3698 his,
635 3617 667 3680 in
695 3617 812 3704 quibus
839 3639 950 3680 aurum
973 3618 1024 3681 vel
1049 3626 1216 3704 argentum
1240 3616 1394 3694 funditur,

292 3719 378 3805 quod
395 3727 502 3784 tamen
525 3720 566 3783 ad
585 3719 667 3784 istud
684 3741 764 3805 opus
780 3719 911 3805 spissius
926 3719 987 3783 illis
1002 3719 1098 3784 debet
1112 3741 1192 3799 esse,
1209 3727 1241 3784 et
1255 3720 1345 3783 mitte
1360 3719 1393 3782 in

291 3820 398 3906 ignem
413 3821 515 3886 donec
537 3823 729 3904 candescat3
754 3823 871 3888 ferrum
893 3821 989 3887 etiam
1012 3820 1130 3908 gracile
1153 3833 1185 3885 ct
1202 3843 1345 3900 curvum,
1359 3821 1393 3884 in

292 3945 356 3988 uno
371 3925 474 4010 eapite
490 3925 656 3989 manubrio
671 3925 816 4006 infixum,
828 3926 860 3989 in
871 3925 970 3990 altero
982 3945 1056 3988 vero
1072 3924 1195 3990 habens
1206 3925 1326 3989 nodum
1342 3945 1393 3988 ro·

291 4027 437 4106 tundum,
453 4027 542 4091 mitte
558 4026 701 4091 similiter
714 4027 746 4091 in
766 4028 884 4114 ignem,
899 4037 1020 4092 etcum
1036 4035 1205 4114 utrumque
1220 4026 1393 4106 canduerit,

289 4136 362 4192 tene
379 4127 496 4215 forcipe
511 4130 676 4194 vasculum
691 4153 785 4216 super
800 4131 964 4194 scutellam
981 4131 1090 4208 latam,
1105 4130 1233 4210 siccam,
1248 4139 1281 4194 et
1296 4129 1393 4194 funde

593 4281 598 4309 ¹
618 4279 776 4340 “foramina''
787 4281 842 4329 ὑπὸ.

595 4361 604 4392 ¹
623 4365 816 4413 “nummorum''
851 4365 907 4414 Cod.
921 4366 1020 4428 Guelpt.
