3168 5140
650 471 838 514 'rusorum
862 471 964 515 unna
989 473 1041 516 lll.

637 959 868 1060 CAPUT
928 958 1068 1054 XCI.

638 1238 684 1282 DE
707 1233 925 1280 SOLIDATURA
949 1233 1061 1276 FBRBl.

381 1419 492 1484 lUNT
506 1421 600 1484 etiam
623 1441 662 1482 ex
685 1419 768 1482 ferro
784 1417 890 1483 circuli
912 1427 1023 1480 tenues
1038 1417 1093 1502 qui
1109 1423 1273 1500 ponuntur
1287 1415 1321 1478 in
1335 1434 1398 1475 ma·

400 1523 520 1587 nubriis
543 1523 801 1586 ferramentorum
826 1521 879 1608 qui
903 1542 967 1582 non
990 1527 1123 1605 possunt
1143 1539 1198 1603 per
1212 1539 1249 1582 ae
1265 1515 1397 1590 solidari,

303 1627 418 1716 quibus
441 1627 472 1690 in
491 1627 641 1712 junctura
662 1623 918 1688 circumvolvitur
940 1643 1070 1708 cuprum
1094 1629 1200 1698 tenue,
1222 1629 1324 1706 atque
1345 1616 1398 1680 cir·

303 1729 505 1814 cumponitur
531 1727 689 1790 modicum
718 1726 847 1812 argilla.
893 1723 969 1800 Qua
993 1722 1121 1802 siccata,
1145 1743 1218 1785 cum
1242 1731 1321 1784 ante
1342 1719 1399 1781 for-

303 1851 416 1892 nacem
440 1830 500 1892 sub
528 1828 721 1893 carbonibus
748 1829 855 1892 sufflat
880 1826 1059 1904 canduerit,
1086 1846 1162 1888 mox
1188 1822 1395 1910 liquefactum

304 1951 435 2015 cuprum
454 1929 642 1992 circumfluit
661 1939 693 1992 et
711 1930 835 1993 solidat.
882 1928 954 1993 Hoc
970 1925 1177 1992 modoetiam
1192 1927 1303 1989 claves
1318 1931 1399 2006 stag-

305 2041 397 2107 natae,
413 2030 438 2093 si
455 2029 650 2115 franguntur,
673 2041 705 2095 et
727 2031 787 2094 alia
806 2031 955 2117 quaelibet
970 2031 1002 2092 in
1017 2030 1100 2092 ferro
1115 2027 1245 2092 solidari
1260 2031 1397 2113 possunt.

306 2131 400 2210 Quod
424 2133 450 2198 si
467 2133 513 2196 vis
536 2153 621 2196 seras
643 2155 833 2218 componere
856 2132 971 2219 quibus
994 2133 1140 2195 manticae
1162 2139 1318 2206 serantur,
1334 2148 1400 2213 per·

305 2245 377 2300 cute
399 2235 514 2299 ferrum
538 2245 632 2299 tenue
653 2246 686 2298 et
707 2235 791 2298 circa
813 2233 895 2297 aliud
920 2234 1036 2298 sermm
1053 2233 1223 2298 rotundum
1238 2229 1399 2318 complica,

306 2347 402 2424 atque
422 2339 578 2424 conjunge
601 2337 629 2401 ei
648 2337 780 2401 fundum
804 2336 946 2422 superins
969 2345 1001 2400 et
1018 2336 1157 2400 inferius.
1204 2335 1333 2398 Deinde
1347 2331 1400 2396 cir·

307 2461 463 2525 cumpone
479 2439 507 2502 ei
529 2439 713 2524 corrigiolos
736 2459 776 2502 ex
798 2439 910 2502 codem
933 2439 1016 2502 ferro
1038 2447 1071 2500 at
1090 2438 1240 2501 intereos
1257 2433 1400 2500 flosculos

306 2541 372 2606 sive
396 2541 528 2606 circulos
558 2541 692 2627 qualiter
716 2539 863 2619 volueris,
889 2541 935 2603 sic
965 2549 1071 2604 tamen
1102 2548 1138 2604 ut
1162 2561 1226 2604 una
1252 2536 1400 2626 particula

307 2665 432 2728 semper
460 2645 642 2730 inpingatur
678 2643 766 2707 alteri
804 2650 840 2706 ut
872 2642 1044 2721 adhaereat,
1078 2664 1119 2706 ne
1151 2643 1266 2707 cadere
1295 2639 1400 2728 possit

309 2743 490 2808 Commisce
516 2767 643 2832 quoque
668 2744 748 2809 duos
774 2754 880 2830 partes
906 2745 993 2830 cupri
1021 2754 1054 2808 et
1079 2745 1205 2808 tertiam
1232 2744 1349 2832 stagni,
1374 2747 1402 2803 et

308 2847 486 2910 comminue
512 2847 586 2910 illud
614 2847 781 2910 malleolo
802 2847 930 2910 vasculo
955 2845 1055 2910 ferreo
1081 2847 1245 2924 subtiliter,
1277 2845 1401 2911 combu-

309 2967 443 3032 rensque
458 2948 613 3010 viniccum
630 2947 778 3032 lapidem,
800 2948 883 3012 adde
898 2949 926 3012 ci
942 2949 1103 3012 modicum
1119 2949 1193 3012 salis
1208 2959 1305 3037 atquc
1320 2967 1402 3012 com·

309 3049 406 3112 misce
429 3049 524 3136 aqud,
551 3059 583 3113 et
604 3049 715 3112 liniens
738 3050 769 3113 in
793 3051 925 3114 circuitu
955 3051 1191 3137 circumsparge
1212 3052 1317 3138 ipsum
1340 3046 1402 3135 pul·

310 3172 424 3216 rerem.
470 3150 544 3226 Quo
564 3151 694 3230 siccato,
717 3174 839 3218 rursum
859 3153 1042 3239 superlinies
1066 3153 1299 3218 confectionem
1321 3152 1401 3215 illam

310 3255 450 3341 spissius,
473 3254 689 3342 inponensquc
705 3254 813 3341 prunis
828 3275 866 3317 ac
881 3253 1049 3339 diligenter
1063 3254 1305 3339 circumtegens,
1328 3253 1403 3315 sicut

311 3367 479 3443 argentum
501 3357 654 3442 superius,
679 3356 791 3420 eodem
815 3356 912 3420 modo
934 3355 1103 3436 solidabis3
1127 3355 1402 3442 refrigeratumque

311 3479 366 3544 per
381 3481 415 3523 se
430 3458 559 3522 lavabis.
606 3458 679 3523 Hoc
694 3459 790 3523 modo
806 3457 956 3546 quicquid
971 3457 1107 3522 volueris
1127 3457 1160 3520 in
1176 3457 1258 3522 ferro
1273 3457 1403 3522 solidam

311 3569 411 3644 poteS,
434 3559 520 3645 quod
541 3568 647 3624 tamen
669 3563 756 3626 nullo
780 3560 877 3626 modo
897 3561 1073 3624 deauratur.
1128 3559 1289 3646 Quicquid
1313 3576 1403 3644 super

311 3669 458 3746 stagnare
480 3661 614 3724 volueris
638 3662 670 3724 in
689 3662 781 3744 senc,
803 3663 939 3748 primum
961 3665 1036 3727 lima
1054 3671 1087 3726 ct
1107 3663 1290 3750 priusquam
1312 3680 1405 3725 manu

312 3773 437 3848 tangas,
463 3761 585 3826 noviter
608 3763 751 3827 limatum
781 3765 814 3828 in
841 3765 991 3849 patellam
1017 3766 1121 3852 stagni
1148 3765 1310 3853 liquefacti
1336 3783 1403 3829 cum

312 3865 404 3951 adipe
421 3863 547 3951 projice,
570 3873 601 3929 et
619 3887 692 3930 cum
707 3866 826 3954 forcipe
841 3888 1017 3947 commove,
1032 3868 1134 3934 donec
1154 3868 1325 3932 candidum
1341 3869 1405 3944 fiat,
1525 3923 1526 3940 ,

313 3970 523 4056 eductumque
538 3967 660 4032 fortiter
680 3979 803 4050 excute,
825 3978 921 4057 atque
936 3992 1009 4036 cum
1025 3971 1143 4036 furfure
1158 3981 1191 4036 et
1204 3972 1288 4036 lineo
1302 3991 1404 4057 panno
1524 3963 1526 4010 l

313 4093 422 4158 purga.
468 4072 561 4138 Seras
581 4072 699 4136 ferreas
721 4080 817 4158 atque
832 4071 984 4158 ligaturas
1006 4073 1193 4138 scriniorum
1207 4083 1240 4138 et
1257 4073 1405 4137 ostiorum

313 4194 386 4238 cum
408 4175 527 4255 feceris,
550 4174 590 4239 ad
614 4174 760 4237 ultimum
783 4173 948 4240 calefacies
970 4185 1002 4240 et
1021 4175 1089 4262 pice
1112 4174 1212 4255 linies,
1234 4175 1315 4239 clari
1335 4195 1406 4240 vero

314 4279 450 4362 stagnati
478 4277 550 4340 sint.
610 4275 693 4339 Cum
719 4273 830 4338 feceris
856 4276 1000 4356 calcaria,
1016 4277 1122 4340 frenos
1149 4285 1181 4340 ct
1203 4275 1407 4339 instmmenta

315 4376 397 4441 sella
420 4379 584 4443 humilium
608 4377 791 4441 clericorum
819 4387 851 4440 et
873 4378 1112 4458 monachorum,
1136 4387 1168 4442 et
1190 4401 1228 4442 ea
1250 4376 1407 4462 aequaliter
