3140 5152
293 401 357 466 294
644 421 837 472 rasorum
862 421 967 466 masa
990 423 1043 466 nr.

293 571 387 635 breve
409 579 441 634 et
462 591 603 650 currum,
626 573 691 636 sive
715 573 847 659 lignum,
870 596 942 638 cum
966 595 1033 659 quo
1055 575 1155 660 possit
1175 575 1402 640 circumverti.

296 671 421 737 Deinde
451 671 585 738 habebis
613 673 693 738 duas
723 676 928 740 columnellas
956 674 1079 761 ligneas
1104 697 1199 760 snper
1223 697 1402 740 scamnum

294 775 375 838 lixas
386 782 419 837 et
428 773 471 837 ab
480 773 614 838 invicem
627 776 788 861 sejunctas
797 778 971 842 secundum
983 777 1211 864 longitudinem
1222 777 1311 855 ferri,
1323 801 1401 862 quae

293 876 425 962 singular
447 875 588 940 babeant
609 877 642 940 in
664 879 812 944 anteriori
837 889 926 965 parte
952 880 1094 966 singulos
1118 881 1226 944 clavos
1250 880 1402 944 similiter

292 975 424 1062 ligneos,
440 976 481 1042 ad
497 999 678 1043 mensuram
701 982 796 1065 palmi
820 983 945 1068 longos,
961 990 994 1046 et
1010 982 1052 1046 ad
1067 982 1305 1046 similitudinem
1322 1004 1401 1067 gra-

292 1079 353 1142 dus
373 1079 508 1158 incisos;
532 1101 625 1166 super
647 1103 728 1167 quos
751 1093 885 1168 ponatur
905 1084 1029 1170 lignum
1051 1084 1135 1149 uliud
1151 1083 1336 1162 rotundum,
1350 1084 1399 1146 ita

293 1191 328 1246 ut
341 1183 442 1268 possit
462 1184 592 1269 propius
613 1193 646 1248 et
667 1183 792 1268 longius
815 1185 977 1262 removeri,
997 1206 1091 1270 super
1113 1184 1200 1269 quod
1215 1183 1400 1268 requieseat

292 1305 406 1350 manus
421 1286 587 1350 tornantis.
625 1285 686 1350 llis
701 1286 745 1350 ita
759 1287 944 1373 compositis
958 1287 1039 1352 inter
1054 1286 1138 1372 ipsas
1153 1285 1233 1350 duas
1248 1285 1399 1370 oolump-

292 1389 392 1452 nellas
408 1410 490 1476 pone
512 1388 630 1454 fenum
645 1388 800 1467 tornatile,
824 1389 908 1475 quod
926 1387 1055 1452 nucleos
1070 1387 1220 1464 continet,
1234 1396 1268 1452 et
1282 1409 1397 1452 coram

292 1499 323 1556 te
338 1491 380 1555 ad
395 1491 507 1556 laevam
522 1511 653 1556 manum
677 1491 808 1554 sedente
826 1491 980 1576 adjutore,
996 1490 1051 1576 qui
1066 1490 1287 1555 circumvertat
1302 1489 1396 1569 illud,

292 1593 433 1658 tornabis
459 1593 548 1660 ferris
571 1593 671 1658 acutis
697 1602 730 1656 et
756 1591 919 1656 latioribus
942 1613 981 1655 ex
1005 1590 1091 1654 omni
1114 1597 1202 1676 parte
1223 1610 1328 1675 usque
1351 1590 1396 1652 ad

291 1697 514 1783 aequalitatem,
529 1697 638 1784 sicque
661 1693 813 1760 formabis
834 1693 964 1758 nucleos
978 1693 1050 1758 illos
1066 1701 1103 1756 ut
1117 1691 1176 1755 sibi
1193 1692 1398 1777 conjungan-

292 1803 342 1859 tur
367 1796 479 1882 aequali
508 1797 673 1862 latitudine
699 1806 731 1860 et
760 1795 963 1880 spissitudine
993 1797 1025 1860 in
1055 1795 1169 1860 medio.
1215 1795 1396 1859 Intercides

291 1918 365 1960 vero
387 1897 565 1961 inferiorem
588 1905 711 1984 partem
734 1919 753 1961 a
775 1897 944 1962 medietate
965 1897 1104 1976 inferius,
1127 1897 1181 1977 itu,
1203 1903 1240 1959 ut
1254 1896 1395 1961 latitudo

290 1997 431 2082 superior
443 1999 567 2062 duabus
588 1999 741 2064 mensuris
764 1999 942 2064 inferiorem
962 2008 1098 2086 superet,
1113 1999 1146 2062 in
1159 2019 1224 2086 qua
1238 1997 1395 2063 formabis

291 2109 324 2164 et
346 2099 471 2186 pedem.
518 2097 642 2166 Eddem
671 2123 799 2188 qnoque
829 2102 978 2168 mensuri
1003 2101 1170 2166 intercidas
1196 2102 1394 2187 superiorem

290 2211 423 2290 partem,
445 2205 536 2290 cujus
559 2213 667 2269 tamen
690 2205 823 2270 altitudo
845 2213 936 2268 tanta
956 2205 1024 2284 erit,
1047 2212 1083 2268 ut
1104 2203 1325 2268 intercidatur¹
1349 2209 1394 2270 ad

291 2305 524 2372 similitudinem
541 2306 637 2394 lignei
660 2306 863 2390 campanarii,
884 2307 929 2370 ita
951 2317 986 2370 ut
1008 2306 1158 2394 quaelibet
1170 2303 1309 2371 incisura
1321 2329 1393 2372 sur-

291 2431 362 2473 sum
385 2409 487 2496 magis
509 2409 635 2496 gracilis
657 2409 707 2473 sit.
754 2408 815 2472 His
833 2409 878 2473 ita
898 2409 1030 2474 tornatis
1046 2409 1112 2475 eice
1127 2409 1255 2488 ferrum,
1269 2417 1303 2472 et
1317 2429 1392 2473 cum

288 2509 416 2576 cultello
431 2511 533 2576 incide
548 2511 581 2576 in
595 2511 699 2575 latiori
715 2509 813 2574 limbo
829 2511 998 2596 superioris
1015 2511 1118 2576 nuclei
1134 2519 1271 2598 quatuor
1285 2532 1392 2596 angu-

290 2616 451 2702 lususque
473 2615 514 2678 ad
537 2614 717 2694 incisuram,
740 2635 812 2699 quae
835 2613 865 2676 ei
886 2613 1032 2699 proxima
1053 2621 1112 2691 est,
1127 2615 1172 2676 ita
1190 2612 1272 2675 utin
1286 2613 1393 2676 crucis

291 2719 421 2782 modum
438 2718 598 2796 formetur,
614 2727 646 2781 et
661 2711 910 2802 unumquodque
921 2735 1020 2778 cornu
1034 2714 1172 2801 aequales
1187 2712 1305 2778 habeat
1320 2713 1394 2776 lati-

291 2819 415 2883 tudines
436 2819 469 2880 in
491 2819 673 2904 parietibus,
696 2817 753 2882 sed
781 2815 944 2880 altitudine
971 2815 1133 2880 contineat
1154 2837 1336 2880 mensuram
1359 2827 1395 2878 et

291 2919 454 2983 dimidiam
477 2919 668 2997 latitudinis;
697 2919 730 2980 in
752 2940 817 3005 qua
838 2917 934 2981 etiam
957 2917 1127 3002 pinnacula
1149 2917 1191 2980 ad
1213 2915 1393 2980 similitudi-

291 3041 364 3084 nem
393 3029 550 3084 tectorum
580 3019 742 3083 formabis.
791 3018 902 3084 Facies
931 3041 1059 3106 quoque
1086 3019 1118 3081 in
1145 3019 1289 3104 proxima
1315 3018 1392 3081 turri

291 3131 365 3188 octo
380 3131 495 3202 costas,
511 3129 647 3210 quatuor
661 3121 799 3200 latiores,
815 3131 847 3186 et
861 3131 999 3208 quatuor
1014 3120 1185 3184 strictiores
1200 3141 1279 3205 quas
1295 3119 1391 3184 etiam

291 3228 445 3294 rotundas
461 3225 569 3303 facies,
585 3223 629 3287 ita
651 3233 686 3287 ut
709 3223 816 3311 anguli
838 3224 985 3287 latiorum
1003 3223 1213 3310 promineant,
1229 3231 1261 3286 et
1274 3222 1392 3286 stricti-

292 3353 381 3397 orum
406 3329 476 3395 cavi
500 3328 574 3407 sint,
600 3337 636 3392 ut
663 3327 709 3392 sic
739 3326 915 3390 rotunditas
941 3333 1112 3411 appareat,
1141 3325 1175 3388 in
1204 3324 1319 3410 quibus
1348 3325 1391 3388 ad

292 3451 471 3494 mensuram
493 3437 577 3492 tecta
599 3427 818 3491 convenientia
836 3426 997 3491 formabis.
1043 3426 1174 3492 Turrem
1190 3449 1264 3490 vero
1279 3428 1392 3512 penul-

291 3531 402 3594 timam
417 3529 530 3594 eodem
552 3527 647 3592 modo
669 3527 831 3610 formabis,
847 3529 930 3595 sicut
951 3539 1058 3594 tumen
1075 3539 1113 3594 ut
1133 3528 1278 3594 rotundae
1293 3535 1392 3592 costae

293 3651 386 3716 super
400 3627 555 3692 inferioris
577 3628 657 3692 latas
680 3627 863 3712 formentur,
885 3641 918 3698 et
932 3632 1086 3698 inferioris
1102 3631 1245 3696 rotunda
1261 3628 1320 3692 sub
1335 3649 1392 3692 su-

293 3731 449 3818 periorum
477 3729 550 3793 latis
577 3738 735 3815 aptentur.
787 3732 936 3820 Superior
963 3757 1037 3800 vero
1066 3735 1160 3798 turris
1191 3741 1263 3798 octo
1292 3731 1393 3794 costis

291 3832 452 3921 aequaliter
473 3832 545 3896 latis
567 3841 599 3896 et
622 3832 742 3919 absque
765 3837 856 3902 tectis
872 3837 1034 3902 formetur.
1080 3836 1160 3900 Haec
1176 3835 1235 3899 erit
1249 3833 1393 3918 superior

291 3959 364 4025 pars
378 3934 515 4001 turibuli.

588 4115 594 4148 r
612 4119 627 4142 ⁴⁸
636 4125 671 4165 ter
680 4116 692 4136 ”
704 4117 732 4164 io
745 4117 802 4164 Cod.
815 4117 913 4180 eulpa.
926 4119 1094 4182 interponitur.
