<?xml version="1.0" encoding="UTF-8"?>
<!DOCTYPE html PUBLIC "-//W3C//DTD XHTML 1.0 Transitional//EN"
    "http://www.w3.org/TR/xhtml1/DTD/xhtml1-transitional.dtd">
<html xmlns="http://www.w3.org/1999/xhtml" xml:lang="en" lang="en">
 <head>
  <title>
</title>
<meta http-equiv="Content-Type" content="text/html;charset=utf-8" />
  <meta name='ocr-system' content='tesseract 3.04.00' />
  <meta name='ocr-capabilities' content='ocr_page ocr_carea ocr_par ocr_line ocrx_word'/>
</head>
<body>
  <div class='ocr_page' id='page_1' title='image "./theophiliquietr00hendgoog_0210.png"; bbox 0 0 3216 5138; ppageno 0'>
   <div class='ocr_carea' id='block_1_1' title="bbox 314 516 1042 582">
    <p class='ocr_par' dir='ltr' id='par_1_1' title="bbox 314 516 1042 582">
     <span class='ocr_line' id='line_1_1' title="bbox 314 516 1042 582; baseline 0 -2"><span class='ocrx_word' id='word_1_1' title='bbox 314 516 374 580; x_wconf 72' lang='lat'><strong>14⁴</strong></span> <span class='ocrx_word' id='word_1_2' title='bbox 666 535 856 582; x_wconf 77' lang='lat' dir='ltr'><strong>ruuonurui</strong></span> <span class='ocrx_word' id='word_1_3' title='bbox 881 537 983 582; x_wconf 79' lang='lat' dir='ltr'><strong>unua</strong></span> <span class='ocrx_word' id='word_1_4' title='bbox 1004 537 1042 581; x_wconf 87' lang='lat' dir='ltr'><strong>u.</strong></span> 
     </span>
    </p>
   </div>
   <div class='ocr_carea' id='block_1_2' title="bbox 310 686 1412 1594">
    <p class='ocr_par' dir='ltr' id='par_1_2' title="bbox 310 686 1412 1594">
     <span class='ocr_line' id='line_1_2' title="bbox 312 686 1412 778; baseline 0.003 -27"><span class='ocrx_word' id='word_1_5' title='bbox 312 687 454 752; x_wconf 78' lang='lat' dir='ltr'><strong>tudinem</strong></span> <span class='ocrx_word' id='word_1_6' title='bbox 471 708 599 773; x_wconf 90' lang='lat' dir='ltr'><strong>quoque</strong></span> <span class='ocrx_word' id='word_1_7' title='bbox 621 686 766 766; x_wconf 83' lang='lat' dir='ltr'>similem,</span> <span class='ocrx_word' id='word_1_8' title='bbox 783 688 1012 774; x_wconf 84' lang='lat' dir='ltr'><strong>longitudinem</strong></span> <span class='ocrx_word' id='word_1_9' title='bbox 1029 711 1104 753; x_wconf 83' lang='lat' dir='ltr'><strong>vero</strong></span> <span class='ocrx_word' id='word_1_10' title='bbox 1126 687 1251 753; x_wconf 86' lang='lat' dir='ltr'><strong>modice</strong></span> <span class='ocrx_word' id='word_1_11' title='bbox 1273 691 1412 778; x_wconf 84' lang='lat' dir='ltr'><strong>amplius</strong></span> 
     </span>
     <span class='ocr_line' id='line_1_3' title="bbox 312 787 1410 878; baseline 0.005 -26"><span class='ocrx_word' id='word_1_12' title='bbox 312 788 447 853; x_wconf 88' lang='lat' dir='ltr'><strong>duorum</strong></span> <span class='ocrx_word' id='word_1_13' title='bbox 478 789 605 874; x_wconf 90' lang='lat' dir='ltr'><strong>pedum.</strong></span> <span class='ocrx_word' id='word_1_14' title='bbox 653 787 779 854; x_wconf 86' lang='lat' dir='ltr'><strong>Deinde</strong></span> <span class='ocrx_word' id='word_1_15' title='bbox 811 791 985 856; x_wconf 74' lang='lat' dir='ltr'><strong>macerabis</strong></span> <span class='ocrx_word' id='word_1_16' title='bbox 1009 791 1154 878; x_wconf 81' lang='lat' dir='ltr'><strong>argillam</strong></span> <span class='ocrx_word' id='word_1_17' title='bbox 1185 791 1306 857; x_wconf 82' lang='lat' dir='ltr'><strong>sortiter</strong></span> <span class='ocrx_word' id='word_1_18' title='bbox 1336 816 1410 859; x_wconf 91' lang='lat' dir='ltr'><strong>cum</strong></span> 
     </span>
     <span class='ocr_line' id='line_1_4' title="bbox 311 891 1411 982; baseline 0.005 -29"><span class='ocrx_word' id='word_1_19' title='bbox 311 911 395 976; x_wconf 86' lang='lat' dir='ltr'><strong>aqua</strong></span> <span class='ocrx_word' id='word_1_20' title='bbox 410 899 443 954; x_wconf 91' lang='lat' dir='ltr'><strong>et</strong></span> <span class='ocrx_word' id='word_1_21' title='bbox 468 891 545 954; x_wconf 83' lang='lat' dir='ltr'><strong>fimo</strong></span> <span class='ocrx_word' id='word_1_22' title='bbox 569 891 653 977; x_wconf 88' lang='lat' dir='ltr'><strong>equi,</strong></span> <span class='ocrx_word' id='word_1_23' title='bbox 668 892 714 956; x_wconf 88' lang='lat' dir='ltr'><strong>ita</strong></span> <span class='ocrx_word' id='word_1_24' title='bbox 737 902 773 956; x_wconf 91' lang='lat' dir='ltr'><strong>ut</strong></span> <span class='ocrx_word' id='word_1_25' title='bbox 788 901 853 957; x_wconf 88' lang='lat' dir='ltr'><strong>tres</strong></span> <span class='ocrx_word' id='word_1_26' title='bbox 877 901 984 980; x_wconf 87' lang='lat' dir='ltr'><strong>partes</strong></span> <span class='ocrx_word' id='word_1_27' title='bbox 1008 893 1073 958; x_wconf 85' lang='lat' dir='ltr'><strong>sint</strong></span> <span class='ocrx_word' id='word_1_28' title='bbox 1098 892 1220 978; x_wconf 89' lang='lat' dir='ltr'><strong>argilla,</strong></span> <span class='ocrx_word' id='word_1_29' title='bbox 1244 903 1277 958; x_wconf 91' lang='lat' dir='ltr'><strong>et</strong></span> <span class='ocrx_word' id='word_1_30' title='bbox 1297 905 1411 982; x_wconf 86' lang='lat' dir='ltr'><strong>quarta</strong></span> 
     </span>
     <span class='ocr_line' id='line_1_5' title="bbox 312 991 1410 1080; baseline 0.005 -25"><span class='ocrx_word' id='word_1_31' title='bbox 312 991 417 1057; x_wconf 89' lang='lat' dir='ltr'><strong>fimus.</strong></span> <span class='ocrx_word' id='word_1_32' title='bbox 462 992 536 1068; x_wconf 79' lang='lat' dir='ltr'><strong>Qua</strong></span> <span class='ocrx_word' id='word_1_33' title='bbox 562 993 683 1080; x_wconf 78' lang='lat' dir='ltr'><strong>optime</strong></span> <span class='ocrx_word' id='word_1_34' title='bbox 707 1004 878 1076; x_wconf 82' lang='lat' dir='ltr'><strong>macerata,</strong></span> <span class='ocrx_word' id='word_1_35' title='bbox 906 995 1055 1060; x_wconf 82' lang='lat' dir='ltr'><strong>miscebis</strong></span> <span class='ocrx_word' id='word_1_36' title='bbox 1078 995 1108 1059; x_wconf 91' lang='lat' dir='ltr'><strong>ei</strong></span> <span class='ocrx_word' id='word_1_37' title='bbox 1135 996 1256 1061; x_wconf 86' lang='lat' dir='ltr'><strong>foenum</strong></span> <span class='ocrx_word' id='word_1_38' title='bbox 1278 997 1410 1076; x_wconf 88' lang='lat' dir='ltr'><strong>siccum,</strong></span> 
     </span>
     <span class='ocr_line' id='line_1_6' title="bbox 312 1094 1411 1185; baseline 0.004 -27"><span class='ocrx_word' id='word_1_39' title='bbox 312 1095 431 1159; x_wconf 85' lang='lat' dir='ltr'><strong>faciens</strong></span> <span class='ocrx_word' id='word_1_40' title='bbox 446 1094 520 1160; x_wconf 91' lang='lat' dir='ltr'><strong>inde</strong></span> <span class='ocrx_word' id='word_1_41' title='bbox 535 1095 678 1182; x_wconf 84' lang='lat' dir='ltr'><strong>pastillos</strong></span> <span class='ocrx_word' id='word_1_42' title='bbox 693 1097 807 1183; x_wconf 87' lang='lat' dir='ltr'><strong>longos</strong></span> <span class='ocrx_word' id='word_1_43' title='bbox 822 1107 855 1162; x_wconf 91' lang='lat' dir='ltr'><strong>et</strong></span> <span class='ocrx_word' id='word_1_44' title='bbox 870 1097 1049 1184; x_wconf 72' lang='lat' dir='ltr'><strong>cooperies</strong></span> <span class='ocrx_word' id='word_1_45' title='bbox 1064 1119 1173 1162; x_wconf 88' lang='lat' dir='ltr'><strong>arcum</strong></span> <span class='ocrx_word' id='word_1_46' title='bbox 1189 1099 1347 1185; x_wconf 86' lang='lat' dir='ltr'><strong>virgarum</strong></span> <span class='ocrx_word' id='word_1_47' title='bbox 1363 1100 1411 1163; x_wconf 92' lang='lat' dir='ltr'><strong>in-</strong></span> 
     </span>
     <span class='ocr_line' id='line_1_7' title="bbox 311 1196 1411 1286; baseline 0.006 -26"><span class='ocrx_word' id='word_1_48' title='bbox 311 1196 408 1260; x_wconf 86' lang='lat' dir='ltr'><strong>terius</strong></span> <span class='ocrx_word' id='word_1_49' title='bbox 424 1205 456 1261; x_wconf 88' lang='lat' dir='ltr'><strong>et</strong></span> <span class='ocrx_word' id='word_1_50' title='bbox 479 1198 616 1262; x_wconf 86' lang='lat' dir='ltr'><strong>exterius</strong></span> <span class='ocrx_word' id='word_1_51' title='bbox 631 1197 672 1262; x_wconf 83' lang='lat' dir='ltr'><strong>ud</strong></span> <span class='ocrx_word' id='word_1_52' title='bbox 696 1199 931 1284; x_wconf 87' lang='lat' dir='ltr'><strong>spissitudinem</strong></span> <span class='ocrx_word' id='word_1_53' title='bbox 955 1198 1048 1262; x_wconf 92' lang='lat' dir='ltr'><strong>unius</strong></span> <span class='ocrx_word' id='word_1_54' title='bbox 1072 1201 1182 1286; x_wconf 85' lang='lat' dir='ltr'><strong>pugni,</strong></span> <span class='ocrx_word' id='word_1_55' title='bbox 1197 1209 1229 1265; x_wconf 90' lang='lat' dir='ltr'><strong>et</strong></span> <span class='ocrx_word' id='word_1_56' title='bbox 1249 1200 1282 1263; x_wconf 89' lang='lat' dir='ltr'><strong>in</strong></span> <span class='ocrx_word' id='word_1_57' title='bbox 1305 1202 1411 1267; x_wconf 89' lang='lat' dir='ltr'><strong>medio</strong></span> 
     </span>
     <span class='ocr_line' id='line_1_8' title="bbox 311 1301 1409 1391; baseline 0.005 -27"><span class='ocrx_word' id='word_1_58' title='bbox 311 1301 455 1386; x_wconf 86' lang='lat' dir='ltr'><strong>superius</strong></span> <span class='ocrx_word' id='word_1_59' title='bbox 470 1301 627 1389; x_wconf 85' lang='lat' dir='ltr'><strong>relinques</strong></span> <span class='ocrx_word' id='word_1_60' title='bbox 643 1302 787 1367; x_wconf 84' lang='lat' dir='ltr'><strong>foramen</strong></span> <span class='ocrx_word' id='word_1_61' title='bbox 803 1303 973 1369; x_wconf 89' lang='lat' dir='ltr'><strong>rotundum</strong></span> <span class='ocrx_word' id='word_1_62' title='bbox 989 1325 1046 1390; x_wconf 88' lang='lat' dir='ltr'><strong>per</strong></span> <span class='ocrx_word' id='word_1_63' title='bbox 1059 1305 1145 1391; x_wconf 91' lang='lat' dir='ltr'><strong>quod</strong></span> <span class='ocrx_word' id='word_1_64' title='bbox 1161 1305 1264 1390; x_wconf 87' lang='lat' dir='ltr'><strong>possis</strong></span> <span class='ocrx_word' id='word_1_65' title='bbox 1279 1327 1409 1370; x_wconf 88' lang='lat' dir='ltr'><strong>manum</strong></span> 
     </span>
     <span class='ocr_line' id='line_1_9' title="bbox 310 1403 1411 1493; baseline 0.007 -30"><span class='ocrx_word' id='word_1_66' title='bbox 310 1410 398 1466; x_wconf 88' lang='lat' dir='ltr'><strong>tuam</strong></span> <span class='ocrx_word' id='word_1_67' title='bbox 414 1403 593 1489; x_wconf 81' lang='lat' dir='ltr'><strong>imponere3</strong></span> <span class='ocrx_word' id='word_1_68' title='bbox 617 1403 715 1468; x_wconf 86' lang='lat' dir='ltr'><strong>facies</strong></span> <span class='ocrx_word' id='word_1_69' title='bbox 731 1407 826 1470; x_wconf 84' lang='lat' dir='ltr'><strong>etiam</strong></span> <span class='ocrx_word' id='word_1_70' title='bbox 843 1406 899 1470; x_wconf 91' lang='lat' dir='ltr'><strong>tibi</strong></span> <span class='ocrx_word' id='word_1_71' title='bbox 917 1415 980 1470; x_wconf 89' lang='lat' dir='ltr'><strong>tres</strong></span> <span class='ocrx_word' id='word_1_72' title='bbox 997 1406 1105 1472; x_wconf 86' lang='lat' dir='ltr'><strong>trabes</strong></span> <span class='ocrx_word' id='word_1_73' title='bbox 1121 1407 1240 1472; x_wconf 89' lang='lat' dir='ltr'><strong>ferreos</strong></span> <span class='ocrx_word' id='word_1_74' title='bbox 1256 1408 1411 1493; x_wconf 85' lang='lat' dir='ltr'><strong>grossitu-</strong></span> 
     </span>
     <span class='ocr_line' id='line_1_10' title="bbox 311 1502 1410 1594; baseline 0.006 -28"><span class='ocrx_word' id='word_1_75' title='bbox 311 1502 385 1567; x_wconf 90' lang='lat' dir='ltr'><strong>dine</strong></span> <span class='ocrx_word' id='word_1_76' title='bbox 399 1505 492 1569; x_wconf 91' lang='lat' dir='ltr'><strong>unius</strong></span> <span class='ocrx_word' id='word_1_77' title='bbox 506 1505 609 1592; x_wconf 85' lang='lat' dir='ltr'><strong>digiti,</strong></span> <span class='ocrx_word' id='word_1_78' title='bbox 625 1513 658 1569; x_wconf 93' lang='lat' dir='ltr'><strong>et</strong></span> <span class='ocrx_word' id='word_1_79' title='bbox 672 1506 869 1592; x_wconf 85' lang='lat' dir='ltr'><strong>longitudine</strong></span> <span class='ocrx_word' id='word_1_80' title='bbox 886 1508 978 1572; x_wconf 71' lang='lat' dir='ltr'><strong>tanta</strong></span> <span class='ocrx_word' id='word_1_81' title='bbox 992 1517 1028 1572; x_wconf 90' lang='lat' dir='ltr'><strong>ut</strong></span> <span class='ocrx_word' id='word_1_82' title='bbox 1044 1508 1168 1594; x_wconf 88' lang='lat' dir='ltr'><strong>possint</strong></span> <span class='ocrx_word' id='word_1_83' title='bbox 1182 1509 1316 1573; x_wconf 84' lang='lat' dir='ltr'><strong>transire</strong></span> <span class='ocrx_word' id='word_1_84' title='bbox 1338 1511 1410 1573; x_wconf 86' lang='lat' dir='ltr'><strong>lati·</strong></span> 
     </span>
    </p>
   </div>
   <div class='ocr_carea' id='block_1_3' title="bbox 311 1604 1593 1697">
    <p class='ocr_par' dir='ltr' id='par_1_3' title="bbox 311 1604 1593 1697">
     <span class='ocr_line' id='line_1_11' title="bbox 311 1604 1593 1697; baseline 0.006 -30"><span class='ocrx_word' id='word_1_85' title='bbox 311 1604 453 1670; x_wconf 86' lang='lat' dir='ltr'><strong>tudinem</strong></span> <span class='ocrx_word' id='word_1_86' title='bbox 467 1608 561 1688; x_wconf 86' lang='lat' dir='ltr'><strong>fumi‚</strong></span> <span class='ocrx_word' id='word_1_87' title='bbox 576 1609 691 1696; x_wconf 92' lang='lat' dir='ltr'><strong>quibus</strong></span> <span class='ocrx_word' id='word_1_88' title='bbox 706 1610 804 1675; x_wconf 89' lang='lat' dir='ltr'><strong>facies</strong></span> <span class='ocrx_word' id='word_1_89' title='bbox 815 1631 855 1674; x_wconf 86' lang='lat' dir='ltr'><strong>ex</strong></span> <span class='ocrx_word' id='word_1_90' title='bbox 866 1618 999 1697; x_wconf 85' lang='lat' dir='ltr'><strong>utraque</strong></span> <span class='ocrx_word' id='word_1_91' title='bbox 1015 1619 1104 1695; x_wconf 78' lang='lat' dir='ltr'><strong>perte</strong></span> <span class='ocrx_word' id='word_1_92' title='bbox 1119 1609 1180 1674; x_wconf 85' lang='lat' dir='ltr'><strong>tria</strong></span> <span class='ocrx_word' id='word_1_93' title='bbox 1195 1607 1361 1690; x_wconf 83' lang='lat' dir='ltr'><strong>foramina,</strong></span> <span class='ocrx_word' id='word_1_94' title='bbox 1374 1620 1410 1674; x_wconf 92' lang='lat' dir='ltr'><strong>ut</strong></span> <span class='ocrx_word' id='word_1_95' title='bbox 1481 1650 1487 1662; x_wconf 90' lang='lat'><strong>·</strong></span> <span class='ocrx_word' id='word_1_96' title='bbox 1592 1637 1593 1644; x_wconf 47' lang='lat'>¹</span> 
     </span>
    </p>
   </div>
   <div class='ocr_carea' id='block_1_4' title="bbox 311 1711 1426 1901">
    <p class='ocr_par' dir='ltr' id='par_1_4' title="bbox 311 1711 1426 1901">
     <span class='ocr_line' id='line_1_12' title="bbox 311 1711 1426 1801; baseline 0.005 -30"><span class='ocrx_word' id='word_1_97' title='bbox 311 1729 384 1772; x_wconf 88' lang='lat' dir='ltr'><strong>cum</strong></span> <span class='ocrx_word' id='word_1_98' title='bbox 411 1711 546 1774; x_wconf 84' lang='lat' dir='ltr'><strong>volueris</strong></span> <span class='ocrx_word' id='word_1_99' title='bbox 576 1713 677 1798; x_wconf 85' lang='lat' dir='ltr'><strong>possis</strong></span> <span class='ocrx_word' id='word_1_100' title='bbox 707 1713 869 1801; x_wconf 82' lang='lat' dir='ltr'><strong>imponere</strong></span> <span class='ocrx_word' id='word_1_101' title='bbox 899 1725 932 1779; x_wconf 92' lang='lat' dir='ltr'><strong>et</strong></span> <span class='ocrx_word' id='word_1_102' title='bbox 957 1713 1080 1799; x_wconf 88' lang='lat' dir='ltr'><strong>ejicere.</strong></span> <span class='ocrx_word' id='word_1_103' title='bbox 1125 1712 1215 1777; x_wconf 88' lang='lat' dir='ltr'><strong>Tunc</strong></span> <span class='ocrx_word' id='word_1_104' title='bbox 1245 1735 1345 1798; x_wconf 88' lang='lat' dir='ltr'><strong>pones</strong></span> <span class='ocrx_word' id='word_1_105' title='bbox 1375 1715 1426 1777; x_wconf 89' lang='lat' dir='ltr'><strong>in·</strong></span> 
     </span>
     <span class='ocr_line' id='line_1_13' title="bbox 311 1809 1028 1901; baseline 0.011 -29"><span class='ocrx_word' id='word_1_106' title='bbox 311 1809 437 1876; x_wconf 90' lang='lat' dir='ltr'><strong>fumum</strong></span> <span class='ocrx_word' id='word_1_107' title='bbox 453 1814 561 1900; x_wconf 88' lang='lat' dir='ltr'><strong>ignem</strong></span> <span class='ocrx_word' id='word_1_108' title='bbox 576 1824 609 1879; x_wconf 90' lang='lat' dir='ltr'><strong>et</strong></span> <span class='ocrx_word' id='word_1_109' title='bbox 623 1815 710 1901; x_wconf 88' lang='lat' dir='ltr'><strong>ligna</strong></span> <span class='ocrx_word' id='word_1_110' title='bbox 725 1814 827 1880; x_wconf 86' lang='lat' dir='ltr'><strong>donec</strong></span> <span class='ocrx_word' id='word_1_111' title='bbox 844 1817 1028 1880; x_wconf 86' lang='lat' dir='ltr'><strong>exsiccetur.</strong></span> 
     </span>
    </p>
   </div>
   <div class='ocr_carea' id='block_1_5' title="bbox 601 2429 1108 2529">
    <p class='ocr_par' dir='ltr' id='par_1_5' title="bbox 601 2429 1108 2529">
     <span class='ocr_line' id='line_1_14' title="bbox 601 2429 1108 2529; baseline -0.006 -1"><span class='ocrx_word' id='word_1_112' title='bbox 601 2429 835 2529; x_wconf 84' lang='lat' dir='ltr'><strong>CAPUT</strong></span> <span class='ocrx_word' id='word_1_113' title='bbox 891 2431 1108 2526; x_wconf 89' lang='lat' dir='ltr'><strong>XXIII.</strong></span> 
     </span>
    </p>
   </div>
   <div class='ocr_carea' id='block_1_6' title="bbox 584 2691 1128 2752">
    <p class='ocr_par' dir='ltr' id='par_1_6' title="bbox 584 2691 1128 2752">
     <span class='ocr_line' id='line_1_15' title="bbox 584 2691 1128 2752; baseline -0.007 -14"><span class='ocrx_word' id='word_1_114' title='bbox 584 2693 754 2752; x_wconf 75' lang='lat' dir='ltr'><strong>QUOMODO</strong></span> <span class='ocrx_word' id='word_1_115' title='bbox 776 2691 961 2744; x_wconf 71' lang='lat' dir='ltr'><strong>OOQUA&#39;I&#39;UR</strong></span> <span class='ocrx_word' id='word_1_116' title='bbox 982 2692 1128 2737; x_wconf 78' lang='lat' dir='ltr'><strong>vluauu.</strong></span> 
     </span>
    </p>
   </div>
   <div class='ocr_carea' id='block_1_7' title="bbox 304 2865 1409 4389">
    <p class='ocr_par' dir='ltr' id='par_1_7' title="bbox 359 2865 1408 2932">
     <span class='ocr_line' id='line_1_16' title="bbox 359 2865 1408 2932; baseline -0.002 -2"><span class='ocrx_word' id='word_1_117' title='bbox 359 2867 540 2932; x_wconf 84' lang='lat' dir='ltr'><strong>NTERIM</strong></span> <span class='ocrx_word' id='word_1_118' title='bbox 569 2868 619 2932; x_wconf 85' lang='lat' dir='ltr'><strong>fac</strong></span> <span class='ocrx_word' id='word_1_119' title='bbox 643 2867 699 2932; x_wconf 90' lang='lat' dir='ltr'><strong>tibi</strong></span> <span class='ocrx_word' id='word_1_120' title='bbox 726 2867 868 2931; x_wconf 85' lang='lat' dir='ltr'><strong>tabulam</strong></span> <span class='ocrx_word' id='word_1_121' title='bbox 896 2866 1029 2930; x_wconf 83' lang='lat' dir='ltr'><strong>ferream</strong></span> <span class='ocrx_word' id='word_1_122' title='bbox 1054 2865 1095 2930; x_wconf 92' lang='lat' dir='ltr'><strong>ad</strong></span> <span class='ocrx_word' id='word_1_123' title='bbox 1118 2886 1300 2929; x_wconf 85' lang='lat' dir='ltr'><strong>mensuram</strong></span> <span class='ocrx_word' id='word_1_124' title='bbox 1325 2865 1408 2928; x_wconf 88' lang='lat' dir='ltr'><strong>fumi</strong></span> 
     </span>
    </p>

    <p class='ocr_par' dir='ltr' id='par_1_8' title="bbox 304 2966 1409 4389">
     <span class='ocr_line' id='line_1_17' title="bbox 379 2966 1408 3055; baseline 0.001 -24"><span class='ocrx_word' id='word_1_125' title='bbox 379 2968 518 3049; x_wconf 78' lang='lat' dir='ltr'><strong>interius,</strong></span> <span class='ocrx_word' id='word_1_126' title='bbox 533 2969 674 3055; x_wconf 87' lang='lat' dir='ltr'><strong>exceptis</strong></span> <span class='ocrx_word' id='word_1_127' title='bbox 696 2968 821 3032; x_wconf 86' lang='lat' dir='ltr'><strong>duobus</strong></span> <span class='ocrx_word' id='word_1_128' title='bbox 835 2967 943 3054; x_wconf 84' lang='lat' dir='ltr'><strong>digitis</strong></span> <span class='ocrx_word' id='word_1_129' title='bbox 965 2968 996 3030; x_wconf 93' lang='lat' dir='ltr'><strong>in</strong></span> <span class='ocrx_word' id='word_1_130' title='bbox 1012 2966 1209 3053; x_wconf 81' lang='lat' dir='ltr'><strong>longitudine</strong></span> <span class='ocrx_word' id='word_1_131' title='bbox 1231 2976 1263 3030; x_wconf 90' lang='lat' dir='ltr'><strong>et</strong></span> <span class='ocrx_word' id='word_1_132' title='bbox 1282 2966 1408 3032; x_wconf 90' lang='lat' dir='ltr'><strong>duobus</strong></span> 
     </span>
     <span class='ocr_line' id='line_1_18' title="bbox 310 3069 1408 3155; baseline 0.002 -23"><span class='ocrx_word' id='word_1_133' title='bbox 310 3069 342 3132; x_wconf 92' lang='lat' dir='ltr'><strong>in</strong></span> <span class='ocrx_word' id='word_1_134' title='bbox 358 3069 533 3149; x_wconf 87' lang='lat' dir='ltr'><strong>latitudine,</strong></span> <span class='ocrx_word' id='word_1_135' title='bbox 549 3091 754 3155; x_wconf 85' lang='lat' dir='ltr'><strong>superquam</strong></span> <span class='ocrx_word' id='word_1_136' title='bbox 769 3069 921 3134; x_wconf 84' lang='lat' dir='ltr'><strong>cribrabis</strong></span> <span class='ocrx_word' id='word_1_137' title='bbox 940 3070 1060 3135; x_wconf 77' lang='lat' dir='ltr'><strong>calcem</strong></span> <span class='ocrx_word' id='word_1_138' title='bbox 1072 3069 1190 3149; x_wconf 80' lang='lat' dir='ltr'><strong>virum,</strong></span> <span class='ocrx_word' id='word_1_139' title='bbox 1205 3069 1272 3133; x_wconf 89' lang='lat' dir='ltr'><strong>sive</strong></span> <span class='ocrx_word' id='word_1_140' title='bbox 1287 3069 1408 3134; x_wconf 88' lang='lat' dir='ltr'><strong>cineres</strong></span> 
     </span>
     <span class='ocr_line' id='line_1_19' title="bbox 310 3169 1409 3260; baseline 0 -26"><span class='ocrx_word' id='word_1_141' title='bbox 310 3169 513 3257; x_wconf 91' lang='lat' dir='ltr'><strong>spissitudine</strong></span> <span class='ocrx_word' id='word_1_142' title='bbox 534 3171 628 3236; x_wconf 86' lang='lat' dir='ltr'><strong>unius</strong></span> <span class='ocrx_word' id='word_1_143' title='bbox 650 3171 788 3252; x_wconf 75' lang='lat' dir='ltr'><strong>festueae,</strong></span> <span class='ocrx_word' id='word_1_144' title='bbox 803 3181 836 3236; x_wconf 88' lang='lat' dir='ltr'><strong>et</strong></span> <span class='ocrx_word' id='word_1_145' title='bbox 857 3192 931 3237; x_wconf 86' lang='lat' dir='ltr'><strong>cum</strong></span> <span class='ocrx_word' id='word_1_146' title='bbox 953 3173 1067 3260; x_wconf 85' lang='lat' dir='ltr'><strong>aequali</strong></span> <span class='ocrx_word' id='word_1_147' title='bbox 1089 3172 1191 3259; x_wconf 90' lang='lat' dir='ltr'><strong>ligno¹</strong></span> <span class='ocrx_word' id='word_1_148' title='bbox 1219 3181 1254 3234; x_wconf 93' lang='lat' dir='ltr'><strong>ut</strong></span> <span class='ocrx_word' id='word_1_149' title='bbox 1275 3170 1409 3236; x_wconf 89' lang='lat' dir='ltr'><strong>firmiter</strong></span> 
     </span>
     <span class='ocr_line' id='line_1_20' title="bbox 304 3273 1406 3362; baseline -0.003 -23"><span class='ocrx_word' id='word_1_150' title='bbox 304 3275 444 3362; x_wconf 88' lang='lat' dir='ltr'><strong>jaceant.</strong></span> <span class='ocrx_word' id='word_1_151' title='bbox 489 3273 632 3339; x_wconf 88' lang='lat' dir='ltr'><strong>Habebit</strong></span> <span class='ocrx_word' id='word_1_152' title='bbox 652 3273 765 3338; x_wconf 86' lang='lat' dir='ltr'><strong>eadem</strong></span> <span class='ocrx_word' id='word_1_153' title='bbox 780 3274 892 3339; x_wconf 86' lang='lat' dir='ltr'><strong>tabula</strong></span> <span class='ocrx_word' id='word_1_154' title='bbox 910 3276 1046 3339; x_wconf 81' lang='lat' dir='ltr'><strong>caudam</strong></span> <span class='ocrx_word' id='word_1_155' title='bbox 1069 3275 1214 3352; x_wconf 86' lang='lat' dir='ltr'><strong>ferream,</strong></span> <span class='ocrx_word' id='word_1_156' title='bbox 1230 3295 1287 3359; x_wconf 89' lang='lat' dir='ltr'><strong>per</strong></span> <span class='ocrx_word' id='word_1_157' title='bbox 1308 3295 1406 3361; x_wconf 83' lang='lat' dir='ltr'><strong>quem</strong></span> 
     </span>
     <span class='ocr_line' id='line_1_21' title="bbox 309 3377 1406 3464; baseline -0.002 -22"><span class='ocrx_word' id='word_1_158' title='bbox 309 3377 410 3464; x_wconf 91' lang='lat' dir='ltr'><strong>possit</strong></span> <span class='ocrx_word' id='word_1_159' title='bbox 424 3377 541 3464; x_wconf 72' lang='lat' dir='ltr'><strong>portari</strong></span> <span class='ocrx_word' id='word_1_160' title='bbox 556 3386 588 3442; x_wconf 89' lang='lat' dir='ltr'><strong>et</strong></span> <span class='ocrx_word' id='word_1_161' title='bbox 603 3377 723 3463; x_wconf 91' lang='lat' dir='ltr'><strong>imponi</strong></span> <span class='ocrx_word' id='word_1_162' title='bbox 739 3399 776 3442; x_wconf 86' lang='lat' dir='ltr'><strong>ac</strong></span> <span class='ocrx_word' id='word_1_163' title='bbox 792 3377 924 3442; x_wconf 85' lang='lat' dir='ltr'><strong>extrahi.</strong></span> <span class='ocrx_word' id='word_1_164' title='bbox 972 3377 1080 3442; x_wconf 89' lang='lat' dir='ltr'><strong>Pones</strong></span> <span class='ocrx_word' id='word_1_165' title='bbox 1095 3386 1203 3442; x_wconf 84' lang='lat' dir='ltr'><strong>autem</strong></span> <span class='ocrx_word' id='word_1_166' title='bbox 1224 3398 1319 3463; x_wconf 89' lang='lat' dir='ltr'><strong>super</strong></span> <span class='ocrx_word' id='word_1_167' title='bbox 1334 3399 1406 3440; x_wconf 87' lang='lat' dir='ltr'><strong>eam</strong></span> 
     </span>
     <span class='ocr_line' id='line_1_22' title="bbox 310 3479 1407 3568; baseline 0.001 -26"><span class='ocrx_word' id='word_1_168' title='bbox 310 3481 425 3544; x_wconf 85' lang='lat' dir='ltr'><strong>vitrum</strong></span> <span class='ocrx_word' id='word_1_169' title='bbox 452 3481 570 3567; x_wconf 89' lang='lat' dir='ltr'><strong>pictum</strong></span> <span class='ocrx_word' id='word_1_170' title='bbox 596 3480 763 3566; x_wconf 88' lang='lat' dir='ltr'><strong>diligenter</strong></span> <span class='ocrx_word' id='word_1_171' title='bbox 777 3490 810 3545; x_wconf 89' lang='lat' dir='ltr'><strong>et</strong></span> <span class='ocrx_word' id='word_1_172' title='bbox 832 3481 1048 3568; x_wconf 87' lang='lat' dir='ltr'><strong>conjunctum,</strong></span> <span class='ocrx_word' id='word_1_173' title='bbox 1068 3481 1113 3544; x_wconf 90' lang='lat' dir='ltr'><strong>ita</strong></span> <span class='ocrx_word' id='word_1_174' title='bbox 1134 3487 1171 3544; x_wconf 94' lang='lat' dir='ltr'><strong>ut</strong></span> <span class='ocrx_word' id='word_1_175' title='bbox 1195 3479 1228 3543; x_wconf 83' lang='lat' dir='ltr'><strong>In</strong></span> <span class='ocrx_word' id='word_1_176' title='bbox 1252 3479 1407 3543; x_wconf 86' lang='lat' dir='ltr'><strong>exteriore</strong></span> 
     </span>
     <span class='ocr_line' id='line_1_23' title="bbox 311 3579 1408 3669; baseline -0.002 -23"><span class='ocrx_word' id='word_1_177' title='bbox 311 3591 399 3666; x_wconf 89' lang='lat' dir='ltr'><strong>parte</strong></span> <span class='ocrx_word' id='word_1_178' title='bbox 426 3604 534 3647; x_wconf 87' lang='lat' dir='ltr'><strong>versus</strong></span> <span class='ocrx_word' id='word_1_179' title='bbox 556 3582 691 3647; x_wconf 87' lang='lat' dir='ltr'><strong>caudam</strong></span> <span class='ocrx_word' id='word_1_180' title='bbox 720 3604 821 3668; x_wconf 87' lang='lat' dir='ltr'><strong>ponas</strong></span> <span class='ocrx_word' id='word_1_181' title='bbox 845 3583 944 3648; x_wconf 87' lang='lat' dir='ltr'><strong>viride</strong></span> <span class='ocrx_word' id='word_1_182' title='bbox 966 3591 998 3646; x_wconf 90' lang='lat' dir='ltr'><strong>et</strong></span> <span class='ocrx_word' id='word_1_183' title='bbox 1020 3581 1193 3669; x_wconf 85' lang='lat' dir='ltr'><strong>saphirum,</strong></span> <span class='ocrx_word' id='word_1_184' title='bbox 1216 3603 1254 3645; x_wconf 89' lang='lat' dir='ltr'><strong>ac</strong></span> <span class='ocrx_word' id='word_1_185' title='bbox 1276 3579 1408 3645; x_wconf 86' lang='lat' dir='ltr'><strong>interius</strong></span> 
     </span>
     <span class='ocr_line' id='line_1_24' title="bbox 308 3683 1407 3772; baseline -0.001 -25"><span class='ocrx_word' id='word_1_186' title='bbox 308 3684 417 3748; x_wconf 89' lang='lat' dir='ltr'><strong>album</strong></span> <span class='ocrx_word' id='word_1_187' title='bbox 433 3705 579 3749; x_wconf 89' lang='lat' dir='ltr'><strong>croceum</strong></span> <span class='ocrx_word' id='word_1_188' title='bbox 595 3691 627 3748; x_wconf 92' lang='lat' dir='ltr'><strong>et</strong></span> <span class='ocrx_word' id='word_1_189' title='bbox 641 3705 845 3772; x_wconf 87' lang='lat' dir='ltr'><strong>purpureum,</strong></span> <span class='ocrx_word' id='word_1_190' title='bbox 860 3684 946 3772; x_wconf 91' lang='lat' dir='ltr'><strong>quod</strong></span> <span class='ocrx_word' id='word_1_191' title='bbox 962 3685 1071 3748; x_wconf 88' lang='lat' dir='ltr'><strong>durius</strong></span> <span class='ocrx_word' id='word_1_192' title='bbox 1091 3693 1140 3748; x_wconf 88' lang='lat' dir='ltr'><strong>est</strong></span> <span class='ocrx_word' id='word_1_193' title='bbox 1154 3693 1266 3748; x_wconf 87' lang='lat' dir='ltr'><strong>contra</strong></span> <span class='ocrx_word' id='word_1_194' title='bbox 1288 3683 1407 3769; x_wconf 89' lang='lat' dir='ltr'><strong>ignem,</strong></span> 
     </span>
     <span class='ocr_line' id='line_1_25' title="bbox 308 3784 1407 3874; baseline -0.002 -24"><span class='ocrx_word' id='word_1_195' title='bbox 308 3795 341 3850; x_wconf 91' lang='lat' dir='ltr'><strong>et</strong></span> <span class='ocrx_word' id='word_1_196' title='bbox 364 3786 410 3850; x_wconf 92' lang='lat' dir='ltr'><strong>sic</strong></span> <span class='ocrx_word' id='word_1_197' title='bbox 435 3787 584 3852; x_wconf 89' lang='lat' dir='ltr'><strong>immissis</strong></span> <span class='ocrx_word' id='word_1_198' title='bbox 600 3786 743 3852; x_wconf 88' lang='lat' dir='ltr'><strong>trabibus</strong></span> <span class='ocrx_word' id='word_1_199' title='bbox 767 3808 867 3873; x_wconf 84' lang='lat' dir='ltr'><strong>pones</strong></span> <span class='ocrx_word' id='word_1_200' title='bbox 892 3808 986 3874; x_wconf 88' lang='lat' dir='ltr'><strong>super</strong></span> <span class='ocrx_word' id='word_1_201' title='bbox 1007 3808 1064 3852; x_wconf 87' lang='lat' dir='ltr'><strong>eos</strong></span> <span class='ocrx_word' id='word_1_202' title='bbox 1078 3785 1231 3850; x_wconf 83' lang='lat' dir='ltr'><strong>tabulam.</strong></span> <span class='ocrx_word' id='word_1_203' title='bbox 1278 3784 1407 3849; x_wconf 91' lang='lat' dir='ltr'><strong>Deinde</strong></span> 
     </span>
     <span class='ocr_line' id='line_1_26' title="bbox 308 3886 1407 3976; baseline -0.001 -25"><span class='ocrx_word' id='word_1_204' title='bbox 308 3888 432 3974; x_wconf 86' lang='lat' dir='ltr'><strong>accipes</strong></span> <span class='ocrx_word' id='word_1_205' title='bbox 447 3887 535 3974; x_wconf 86' lang='lat' dir='ltr'><strong>ligna</strong></span> <span class='ocrx_word' id='word_1_206' title='bbox 550 3889 678 3976; x_wconf 85' lang='lat' dir='ltr'><strong>faginea</strong></span> <span class='ocrx_word' id='word_1_207' title='bbox 701 3889 733 3952; x_wconf 90' lang='lat' dir='ltr'><strong>in</strong></span> <span class='ocrx_word' id='word_1_208' title='bbox 750 3888 839 3954; x_wconf 86' lang='lat' dir='ltr'><strong>Iumo</strong></span> <span class='ocrx_word' id='word_1_209' title='bbox 855 3890 947 3954; x_wconf 86' lang='lat' dir='ltr'><strong>valde</strong></span> <span class='ocrx_word' id='word_1_210' title='bbox 963 3887 1057 3968; x_wconf 86' lang='lat' dir='ltr'><strong>sicca,</strong></span> <span class='ocrx_word' id='word_1_211' title='bbox 1074 3896 1107 3952; x_wconf 93' lang='lat' dir='ltr'><strong>et</strong></span> <span class='ocrx_word' id='word_1_212' title='bbox 1128 3886 1284 3952; x_wconf 86' lang='lat' dir='ltr'><strong>accendes</strong></span> <span class='ocrx_word' id='word_1_213' title='bbox 1298 3887 1407 3973; x_wconf 90' lang='lat' dir='ltr'><strong>ignem</strong></span> 
     </span>
     <span class='ocr_line' id='line_1_27' title="bbox 310 3989 1405 4077; baseline -0.001 -23"><span class='ocrx_word' id='word_1_214' title='bbox 310 3991 469 4055; x_wconf 90' lang='lat' dir='ltr'><strong>modicum</strong></span> <span class='ocrx_word' id='word_1_215' title='bbox 486 3990 517 4053; x_wconf 90' lang='lat' dir='ltr'><strong>in</strong></span> <span class='ocrx_word' id='word_1_216' title='bbox 533 3991 637 4071; x_wconf 88' lang='lat' dir='ltr'><strong>furno,</strong></span> <span class='ocrx_word' id='word_1_217' title='bbox 659 4000 770 4076; x_wconf 83' lang='lat' dir='ltr'><strong>postea</strong></span> <span class='ocrx_word' id='word_1_218' title='bbox 786 3993 939 4077; x_wconf 87' lang='lat' dir='ltr'><strong>majorem</strong></span> <span class='ocrx_word' id='word_1_219' title='bbox 961 4011 1034 4056; x_wconf 86' lang='lat' dir='ltr'><strong>cum</strong></span> <span class='ocrx_word' id='word_1_220' title='bbox 1050 3991 1138 4055; x_wconf 89' lang='lat' dir='ltr'><strong>omni</strong></span> <span class='ocrx_word' id='word_1_221' title='bbox 1152 3990 1286 4068; x_wconf 86' lang='lat' dir='ltr'><strong>cautela,</strong></span> <span class='ocrx_word' id='word_1_222' title='bbox 1301 3989 1405 4053; x_wconf 88' lang='lat' dir='ltr'><strong>donec</strong></span> 
     </span>
     <span class='ocr_line' id='line_1_28' title="bbox 308 4092 1407 4182; baseline -0.004 -24"><span class='ocrx_word' id='word_1_223' title='bbox 308 4094 416 4159; x_wconf 87' lang='lat' dir='ltr'><strong>videas</strong></span> <span class='ocrx_word' id='word_1_224' title='bbox 439 4093 603 4158; x_wconf 86' lang='lat' dir='ltr'><strong>flammam</strong></span> <span class='ocrx_word' id='word_1_225' title='bbox 627 4104 721 4175; x_wconf 89' lang='lat' dir='ltr'><strong>retro,</strong></span> <span class='ocrx_word' id='word_1_226' title='bbox 737 4103 769 4158; x_wconf 91' lang='lat' dir='ltr'><strong>et</strong></span> <span class='ocrx_word' id='word_1_227' title='bbox 792 4115 831 4158; x_wconf 86' lang='lat' dir='ltr'><strong>ex</strong></span> <span class='ocrx_word' id='word_1_228' title='bbox 857 4103 990 4182; x_wconf 85' lang='lat' dir='ltr'><strong>utraque</strong></span> <span class='ocrx_word' id='word_1_229' title='bbox 1006 4103 1094 4180; x_wconf 86' lang='lat' dir='ltr'><strong>parte</strong></span> <span class='ocrx_word' id='word_1_230' title='bbox 1118 4093 1200 4156; x_wconf 88' lang='lat' dir='ltr'><strong>inter</strong></span> <span class='ocrx_word' id='word_1_231' title='bbox 1224 4092 1350 4156; x_wconf 88' lang='lat' dir='ltr'><strong>fumum</strong></span> <span class='ocrx_word' id='word_1_232' title='bbox 1373 4101 1407 4155; x_wconf 90' lang='lat' dir='ltr'><strong>et</strong></span> 
     </span>
     <span class='ocr_line' id='line_1_29' title="bbox 307 4194 1406 4283; baseline -0.005 -21"><span class='ocrx_word' id='word_1_233' title='bbox 307 4198 449 4262; x_wconf 89' lang='lat' dir='ltr'><strong>tabulam</strong></span> <span class='ocrx_word' id='word_1_234' title='bbox 465 4197 644 4276; x_wconf 83' lang='lat' dir='ltr'><strong>ascendere,</strong></span> <span class='ocrx_word' id='word_1_235' title='bbox 660 4205 692 4260; x_wconf 88' lang='lat' dir='ltr'><strong>et</strong></span> <span class='ocrx_word' id='word_1_236' title='bbox 707 4197 822 4259; x_wconf 90' lang='lat' dir='ltr'><strong>vitrum</strong></span> <span class='ocrx_word' id='word_1_237' title='bbox 837 4196 1019 4260; x_wconf 85' lang='lat' dir='ltr'><strong>transiendo</strong></span> <span class='ocrx_word' id='word_1_238' title='bbox 1034 4204 1131 4282; x_wconf 89' lang='lat' dir='ltr'><strong>atque</strong></span> <span class='ocrx_word' id='word_1_239' title='bbox 1149 4195 1239 4283; x_wconf 86' lang='lat' dir='ltr'><strong>quasi</strong></span> <span class='ocrx_word' id='word_1_240' title='bbox 1255 4194 1406 4281; x_wconf 90' lang='lat' dir='ltr'><strong>lingendo</strong></span> 
     </span>
     <span class='ocr_line' id='line_1_30' title="bbox 308 4297 1406 4389; baseline -0.004 -25"><span class='ocrx_word' id='word_1_241' title='bbox 308 4301 496 4389; x_wconf 68' lang='lat' dir='ltr'><strong>cooperire,</strong></span> <span class='ocrx_word' id='word_1_242' title='bbox 511 4299 632 4365; x_wconf 88' lang='lat' dir='ltr'><strong>tamdiu</strong></span> <span class='ocrx_word' id='word_1_243' title='bbox 656 4298 758 4362; x_wconf 91' lang='lat' dir='ltr'><strong>donec</strong></span> <span class='ocrx_word' id='word_1_244' title='bbox 778 4298 966 4377; x_wconf 84' lang='lat' dir='ltr'><strong>candescat3</strong></span> <span class='ocrx_word' id='word_1_245' title='bbox 994 4307 1026 4361; x_wconf 88' lang='lat' dir='ltr'><strong>et</strong></span> <span class='ocrx_word' id='word_1_246' title='bbox 1041 4297 1148 4362; x_wconf 79' lang='lat' dir='ltr'><strong>statim</strong></span> <span class='ocrx_word' id='word_1_247' title='bbox 1173 4298 1303 4384; x_wconf 89' lang='lat' dir='ltr'><strong>ejiciens</strong></span> <span class='ocrx_word' id='word_1_248' title='bbox 1318 4297 1406 4381; x_wconf 84' lang='lat' dir='ltr'><strong>ligna</strong></span> 
     </span>
    </p>
   </div>
   <div class='ocr_carea' id='block_1_8' title="bbox 594 4497 1128 4562">
    <p class='ocr_par' dir='ltr' id='par_1_9' title="bbox 594 4497 1128 4562">
     <span class='ocr_line' id='line_1_31' title="bbox 594 4497 1128 4562; baseline -0.006 -13"><span class='ocrx_word' id='word_1_249' title='bbox 594 4500 601 4529; x_wconf 85' lang='lat'>¹</span> <span class='ocrx_word' id='word_1_250' title='bbox 619 4500 675 4549; x_wconf 76' lang='lat' dir='ltr'><strong>MS.</strong></span> <span class='ocrx_word' id='word_1_251' title='bbox 688 4499 787 4562; x_wconf 77' lang='lat' dir='ltr'><strong>Guctpt.</strong></span> <span class='ocrx_word' id='word_1_252' title='bbox 799 4498 940 4558; x_wconf 74' lang='lat' dir='ltr'><strong>“compones</strong></span> <span class='ocrx_word' id='word_1_253' title='bbox 951 4497 1010 4556; x_wconf 77' lang='lat' dir='ltr'><strong>eos,”</strong></span> <span class='ocrx_word' id='word_1_254' title='bbox 1022 4498 1128 4546; x_wconf 68' lang='lat' dir='ltr'><strong>additur.</strong></span> 
     </span>
    </p>
   </div>
   <div class='ocr_carea' id='block_1_9' title="bbox 0 0 1612 5138">
    <p class='ocr_par' dir='ltr' id='par_1_10' title="bbox 0 0 1612 5138">
     <span class='ocr_line' id='line_1_32' title="bbox 0 0 1612 5138; baseline 0 1"><span class='ocrx_word' id='word_1_255' title='bbox 0 0 1612 5138; x_wconf 95' lang='lat' dir='ltr'><strong> </strong></span> 
     </span>
    </p>
   </div>
  </div>
 </body>
</html>
